%% This BibTeX bibliography file was created using BibDesk.
%% http://bibdesk.sourceforge.net/


%% Created for Hao Wang at 2017-04-12 11:40:54 -0700 


%% Saved with string encoding Unicode (UTF-8) 


@comment{jabref-meta: databaseType:bibtex;}
@comment{jabref-meta: groupstree: 0 AllEntriesGroup:; 1 ExplicitGroup:Internet Censorship in China\;0\;; 1 ExplicitGroup:Public Opinion and Redistribution\;0\;; 1 ExplicitGroup:Vote-buying\;0\;; 1 ExplicitGroup:Automatically created groups\;2\;; 2 KeywordGroup:Budgeting\;0\;keywords\;Budgeting\;0\;0\;; 2 KeywordGroup:Censorship\;0\;keywords\;Censorship\;0\;0\;; 2 KeywordGroup:Data\;0\;keywords\;Data\;0\;0\;; 2 KeywordGroup:Debates\;0\;keywords\;Debates\;0\;0\;; 2 KeywordGroup:Democracy\;0\;keywords\;Democracy\;0\;0\;; 2 KeywordGroup:Development\;0\;keywords\;Development\;0\;0\;; 2 KeywordGroup:Gender\;0\;keywords\;Gender\;0\;0\;; 2 KeywordGroup:Method\;0\;keywords\;Method\;0\;0\;; 2 KeywordGroup:Opinion\;0\;keywords\;Opinion\;0\;0\;; 2 KeywordGroup:Party\;0\;keywords\;Party\;0\;0\;; 2 KeywordGroup:Redist\;0\;keywords\;Redist\;0\;0\;; 2 KeywordGroup:Religion\;0\;keywords\;Religion\;0\;0\;; 2 KeywordGroup:Stereotype\;0\;keywords\;Stereotype\;0\;0\;; 2 KeywordGroup:Vote buying\;0\;keywords\;Vote buying\;0\;0\;; }



@article{Faganetal2017,
	Author = {E. J. Fagan and Bryan D. Jones and Christopher Wlezien},
	Date-Added = {2017-04-12 18:39:45 +0000},
	Date-Modified = {2017-04-12 18:40:54 +0000},
	Journal = {European Journal of Public Policy},
	Keywords = {budgeting},
	Pages = {1 - 24},
	Title = {Representative systems and policy punctuations},
	Volume = {Mar},
	Year = {2017}}

@article{Breuningetal2017,
	Author = {Christian Breunig and Christine S. Lipsmeyer and Guy D. Whitten},
	Date-Added = {2017-04-12 18:38:10 +0000},
	Date-Modified = {2017-04-12 18:39:19 +0000},
	Journal = {Journal of European Public Policy},
	Keywords = {budgeting},
	Title = {Introduction: Political Budgeting from a Comparative Perspective},
	Volume = {Mar},
	Year = {2017}}

@article{KeeferStasavage2003,
	Author = {Philip Keefer and David Stasavage},
	Date-Added = {2017-04-11 16:14:10 +0000},
	Date-Modified = {2017-04-11 16:16:04 +0000},
	Journal = {American Political Science Review},
	Keywords = {budgeting},
	Number = {3},
	Pages = {407 - 423},
	Title = {The Limits of Delegation: Veto Players, Central Bank Independence, and the Credibility of Monetary Policy},
	Volume = {97},
	Year = {2003}}

@article{Henisz2000,
	Author = {Witold Henisz},
	Date-Added = {2017-04-11 16:10:54 +0000},
	Date-Modified = {2017-04-11 16:11:58 +0000},
	Journal = {Economics and Politics},
	Keywords = {budgeting},
	Number = {1},
	Pages = {1 - 31},
	Title = {The Institutional Enivronment for Economic Growth},
	Volume = {12},
	Year = {2000}}

@article{Geddesetal2014,
	Author = {Barbara Geddes and Joseph Wright and Erica Frantz},
	Date-Added = {2017-04-10 20:51:12 +0000},
	Date-Modified = {2017-04-10 20:52:26 +0000},
	Journal = {Perspectives on Politics},
	Keywords = {democracy},
	Number = {2},
	Pages = {313 - 331},
	Title = {Autocratic Breakdown and Regime Transitions: A New Data Set},
	Volume = {12},
	Year = {2014}}

@article{Becketal2001,
	Author = {Thorsten Beck and George Clarke and Alberto Groff and Philip Keefer and Patrick Walsh},
	Date-Added = {2017-04-10 20:08:48 +0000},
	Date-Modified = {2017-04-10 20:10:24 +0000},
	Journal = {World Bank Economic Review},
	Keywords = {democracy},
	Number = {1},
	Pages = {165 - 176},
	Title = {New tools in comparative political economy: The Database of Political Institutions},
	Volume = {15},
	Year = {2001}}

@techreport{Vdem2016,
	Author = {Michael Coppedge and John Gerring and Staffan I. Lindberg and Svend-Erik Skaaning and Jan Teorell and David Altman and Frida Andersson and Michael Bernhard and M. Steven Fish and Adam Glynn and Allen Hicken and Carl Henrik Knutsen and Kelly McMann and Valeriya Mechkova and Farhad Miri and Pamela Paxton and Daniel Pemstein and Rachel Sigman and Jeffrey Staton and Brigitte Zimmerman},
	Date-Added = {2017-04-10 19:45:55 +0000},
	Date-Modified = {2017-04-10 19:49:22 +0000},
	Institution = {Varieties of Democracy (V-Dem) Project},
	Keywords = {democracy},
	Title = {V-Dem Codebook v6},
	Year = {2016}}

@article{TsebelisChang2004,
	Author = {George Tsebelis and Eric Chang},
	Date-Added = {2017-03-20 21:17:09 +0000},
	Date-Modified = {2017-03-20 21:19:07 +0000},
	Journal = {European Journal of Political Research},
	Keywords = {budgeting},
	Number = {3},
	Pages = {449 - 479},
	Title = {Veto players and the structure of budgets in advanced industrialized countries},
	Volume = {43},
	Year = {2004}}

@electronic{Acemoglu2014,
	Author = {Daron Acemoglu and Suresh Naidu and Pascual Restrepo and James A. Robinson},
	Date-Modified = {2015-04-16 00:38:16 +0000},
	Howpublished = {NBER Working Paper},
	Keywords = {development},
	Owner = {haowang},
	Timestamp = {2015.04.10},
	Title = {Democracy Does Cause Growth},
	Year = {2014}}

@electronic{Acemoglu2013,
	__Markedentry = {[lostkimi:6]},
	Author = {Daron Acemoglu and Suresh Naidu and Pascual Restrepo and James A. Robinson},
	Date-Modified = {2015-04-16 00:09:35 +0000},
	Howpublished = {NBER Working Paper},
	Journal = {NEBR Wroking Paper},
	Keywords = {redist},
	Number = {19746},
	Owner = {lostkimi},
	Pages = {1 - 85},
	Timestamp = {2014.09.23},
	Title = {Democracy, Redistribution and Inequality},
	Year = {2013}}

@book{Acemoglu2005,
	__Markedentry = {[lostkimi:6]},
	Address = {London},
	Author = {Daron Acemoglu and James A. Robinson},
	Date-Modified = {2015-04-16 00:38:33 +0000},
	Keywords = {democracy},
	Owner = {lostkimi},
	Publisher = {Cambridge University Press},
	Timestamp = {2014.09.23},
	Title = {Economic Origins of Dictatorship and Democracy},
	Year = {2005}}

@article{Acemoglu2000,
	__Markedentry = {[lostkimi:6]},
	Author = {Daron Acemoglu and James A. Robinson},
	Date-Modified = {2015-04-16 00:44:27 +0000},
	Journal = {Quarterly Journal of Economics},
	Keywords = {redist},
	Number = {4},
	Owner = {lostkimi},
	Pages = {1167 - 1199},
	Timestamp = {2014.09.23},
	Title = {Democracy, Inequality, and Growth in Historical Perspective},
	Volume = {115},
	Year = {2000}}

@article{Acemoglu2000a,
	__Markedentry = {[lostkimi:6]},
	Author = {Daron Acemoglu and James A. Robinson},
	Date-Modified = {2015-04-16 00:38:09 +0000},
	Journal = {European Economic Review},
	Keywords = {democracy},
	Owner = {lostkimi},
	Pages = {683 - 693},
	Timestamp = {2014.09.23},
	Title = {Democratization or Repression?},
	Volume = {44},
	Year = {2000}}

@article{Acemoglu2000b,
	__Markedentry = {[lostkimi:6]},
	Author = {Daron Acemoglu and James A. Robinson},
	Date-Modified = {2015-04-16 00:38:23 +0000},
	Journal = {Quarterly Journal of Economics},
	Keywords = {democracy},
	Number = {4},
	Owner = {lostkimi},
	Pages = {1167 - 1199},
	Timestamp = {2014.09.23},
	Title = {Why did the West Extended the Franchise? Democracy, Inequality, and Growth in Historical Perspective},
	Volume = {115},
	Year = {2000}}

@book{Alesina1997,
	Address = {Cambridge},
	Author = {Alberto Alesina and Nouriel Roubiniand and Gerald D. Cohen},
	Date-Modified = {2015-04-16 00:06:48 +0000},
	Keywords = {redist},
	Owner = {lostkimi},
	Publisher = {The MIT Press},
	Timestamp = {2014.11.30},
	Title = {Political Cycles and the Macroeconomy},
	Year = {1997}}

@article{Anderson2000,
	Author = {Christopher J. Anderson},
	Date-Modified = {2015-04-16 00:41:30 +0000},
	Journal = {Electoral Studies},
	Keywords = {opinion},
	Number = {2},
	Owner = {lostkimi},
	Pages = {151 - 170},
	Timestamp = {2014.11.30},
	Title = {Economic voting and political context: a comparative perspective},
	Volume = {19},
	Year = {2000}}

@article{Anderson2004,
	Author = {Christopher J. Anderson and Silvia M. Mendes and Yuliya V. Tverdova},
	Date-Modified = {2015-04-16 00:41:25 +0000},
	Journal = {Electoral Studies},
	Keywords = {opinion},
	Number = {4},
	Owner = {lostkimi},
	Pages = {683 - 708},
	Timestamp = {2014.11.30},
	Title = {Endogenous economic voting: evidence from the 1997 British election},
	Volume = {23},
	Year = {2004}}

@article{AndersonMellor2009,
	Author = {Lisa R. Anderson and Jennifer M. Mellor},
	Journal = {Economics Letters},
	Keywords = {Religion},
	Number = {1},
	Owner = {Kimi},
	Pages = {58-60},
	Timestamp = {2016.04.24},
	Title = {Religion and cooperation in a public goods experiment},
	Volume = {105},
	Year = {2009}}

@article{Austin2011,
	Author = {Peter C. Austin},
	Date-Added = {2015-12-07 17:41:06 +0000},
	Date-Modified = {2016-01-13 17:49:08 +0000},
	Journal = {Multivariate Behaviral Research},
	Keywords = {method},
	Number = {1},
	Pages = {399 - 424},
	Title = {An Introduction to Propensity Score Methods for Reducing the Effects of Confounding in Observational Studies},
	Volume = {46},
	Year = {2011}}

@article{Barro1999,
	__Markedentry = {[lostkimi:6]},
	Author = {Robert J. Barro},
	Date-Modified = {2015-04-16 00:38:39 +0000},
	Journal = {Journal of Political Economy},
	Keywords = {democracy},
	Number = {6},
	Owner = {lostkimi},
	Pages = {158 - 183},
	Timestamp = {2014.09.23},
	Title = {Determinants of Democracy},
	Volume = {107},
	Year = {1999}}

@article{Bartels2002,
	Author = {Larry M. Bartels},
	Date-Modified = {2015-04-16 00:30:43 +0000},
	Journal = {Political Behavior},
	Keywords = {opinion; Debates; Party},
	Number = {2},
	Owner = {lostkimi},
	Pages = {117 - 150},
	Timestamp = {2014.12.01},
	Title = {Beyong the Running Tally: Partisan Bais in Political Perceptions},
	Volume = {24},
	Year = {2002}}

@article{Bartels2000,
	Author = {Larry M. Bartels},
	Date-Modified = {2015-04-16 00:30:49 +0000},
	Journal = {American Journal of Political Science},
	Journaltitle = {American Journal of Political Science},
	Keywords = {opinion; Debates; Party},
	Number = {1},
	Owner = {lostkimi},
	Pages = {35 - 50},
	Timestamp = {2014.12.01},
	Title = {Partisanship and Voting Bahavior, 1952 - 1996},
	Volume = {44},
	Year = {2000}}

@article{Bates1991,
	__Markedentry = {[lostkimi:6]},
	Author = {Robert H. Bates},
	Date-Modified = {2015-04-16 00:38:55 +0000},
	Journal = {Political Science and Politics},
	Keywords = {democracy},
	Number = {1},
	Owner = {lostkimi},
	Pages = {24 -27},
	Timestamp = {2014.09.23},
	Title = {The Economic Transitions to Democracy},
	Volume = {24},
	Year = {1991}}

@book{Beramendi2008,
	__Markedentry = {[lostkimi:6]},
	Address = {New York},
	Author = {Pablo Beramendi and Christopher J. Anderson},
	Date-Modified = {2015-04-16 00:38:49 +0000},
	Keywords = {redist},
	Owner = {lostkimi},
	Publisher = {Russel Sage Foundation},
	Timestamp = {2014.09.23},
	Title = {Democracy, Inequality, and Representation},
	Year = {2008}}

@article{BermanLatin2008,
	Author = {Eli Berman and David D. Latin},
	Journal = {Journal of Public Ecnomics},
	Keywords = {Religion},
	Number = {10},
	Owner = {Kimi},
	Pages = {1942-1967},
	Timestamp = {2016.04.24},
	Title = {Religion, terrorisn and public goods: Testing the club model},
	Volume = {92},
	Year = {2008}}

@article{Besley2002,
	Author = {Timothy Besley and Robin Burgess},
	Date-Modified = {2015-04-16 00:39:13 +0000},
	Journal = {Quarterly Journal of Economics},
	Keywords = {redist},
	Number = {4},
	Owner = {lostkimi},
	Pages = {1415 - 1451},
	Timestamp = {2014.11.29},
	Title = {The Political Economy of Government Responsiveness: Theory and Evidence from India},
	Volume = {117},
	Year = {2002}}

@article{Blair2012,
	Author = {Graeme Blair and Kosuke Imai},
	Date-Added = {2015-05-10 17:51:28 +0000},
	Date-Modified = {2015-05-10 17:52:48 +0000},
	Journal = {Political Analysis},
	Keywords = {censorship},
	Number = {10},
	Pages = {47 - 77},
	Title = {Statical Analysis of List Experiments},
	Volume = {20},
	Year = {2012}}

@article{Blair2014,
	Author = {Graeme Blair and Kosuke Imai and Jason Lyall},
	Date-Added = {2015-05-10 17:47:03 +0000},
	Date-Modified = {2015-05-10 17:49:04 +0000},
	Journal = {American Journal of Political Science},
	Keywords = {censorship},
	Number = {4},
	Pages = {1043 - 1063},
	Title = {Comparing and Combining List and Endorsement Experiments: Evidence from Afghanistan},
	Volume = {58},
	Year = {2014}}

@article{Blondal2006,
	Author = {Jon R. Blondal},
	Date-Added = {2016-03-30 21:05:42 +0000},
	Date-Modified = {2016-03-30 21:07:42 +0000},
	Journal = {OECD Journal on Budgeting},
	Keywords = {budgeting},
	Number = {1},
	Pages = {45-85},
	Title = {Budgeting in Singapore},
	Volume = {6},
	Year = {2006}}

@article{Bo2007,
	Author = {Ernesto Dal Bo},
	Date-Modified = {2015-04-15 23:46:28 +0000},
	Groups = {Vote-buying},
	Journal = {American Journal of Political Science},
	Keywords = {vote buying},
	Number = {4},
	Owner = {haowang},
	Pages = {789 - 803},
	Timestamp = {2015.03.28},
	Title = {Bribing Voters},
	Volume = {51},
	Year = {2007}}

@book{Boix2003,
	__Markedentry = {[lostkimi:6]},
	Address = {London},
	Author = {Carles Boix},
	Date-Modified = {2015-04-16 00:07:00 +0000},
	Keywords = {redist},
	Owner = {lostkimi},
	Publisher = {Cambridge University Press},
	Timestamp = {2014.09.23},
	Title = {Democracy and Redistribution},
	Year = {2003}}

@article{Boix2001,
	__Markedentry = {[lostkimi:6]},
	Author = {Carles Boix},
	Date-Modified = {2015-04-16 00:39:02 +0000},
	Journal = {American Journal of Political Science},
	Keywords = {development},
	Number = {1},
	Owner = {lostkimi},
	Pages = {1 - 17},
	Timestamp = {2014.09.23},
	Title = {Democracy,Development and the Public Sector},
	Volume = {45},
	Year = {2001}}

@article{Boix2003a,
	__Markedentry = {[lostkimi:6]},
	Author = {Carles Boix and Susan C. Stokes},
	Date-Modified = {2015-04-16 00:39:23 +0000},
	Journal = {World Politics},
	Keywords = {democracy},
	Number = {4},
	Owner = {lostkimi},
	Pages = {517 - 549},
	Timestamp = {2014.09.23},
	Title = {Endogenous Democratization},
	Volume = {55},
	Year = {2003}}

@article{Bollen1985,
	__Markedentry = {[lostkimi:6]},
	Author = {Kenneth A. Bollen and Robert Jackman},
	Date-Modified = {2015-04-16 00:40:13 +0000},
	Journal = {American Sociological Review},
	Keywords = {redist},
	Number = {4},
	Owner = {lostkimi},
	Pages = {438 - 457},
	Timestamp = {2014.09.23},
	Title = {Political Democracy and the Size Distribution of Income},
	Volume = {50},
	Year = {1985}}

@article{Bourguignon2000,
	__Markedentry = {[lostkimi:6]},
	Author = {Francois Bourguignon and Thierry Verdier},
	Date-Modified = {2015-04-16 00:30:32 +0000},
	Journal = {Journal of Development Economics},
	Keywords = {redist},
	Owner = {lostkimi},
	Pages = {285 - 313},
	Timestamp = {2014.09.23},
	Title = {Oligarchy, democracy, inequality and growth},
	Volume = {62},
	Year = {2000}}

@article{Bradley2003,
	__Markedentry = {[lostkimi:6]},
	Author = {David Bradley and Evelyne Huber and Stephanie Moller and Francois Nielsen and John D. Stephens},
	Date-Modified = {2015-04-16 00:13:47 +0000},
	Journal = {World Politics},
	Keywords = {redist},
	Number = {2},
	Owner = {lostkimi},
	Pages = {193 - 228},
	Timestamp = {2014.09.23},
	Title = {Distribution and Redistribution in Postindustrial Democracies},
	Volume = {55},
	Year = {2003}}

@article{Brusco2004,
	Author = {Valeria Brusco and Marcelo Nazareno and Susan C. Stokes},
	Date-Modified = {2015-04-15 23:42:26 +0000},
	Groups = {Vote-buying},
	Journal = {Latin American Research Review},
	Keywords = {vote buying},
	Number = {2},
	Owner = {haowang},
	Pages = {66 - 88},
	Timestamp = {2015.02.25},
	Title = {Vote Buying in Argentina},
	Volume = {39},
	Year = {2004},
	Bdsk-File-1 = {YnBsaXN0MDDUAQIDBAUGJCVYJHZlcnNpb25YJG9iamVjdHNZJGFyY2hpdmVyVCR0b3ASAAGGoKgHCBMUFRYaIVUkbnVsbNMJCgsMDxJXTlMua2V5c1pOUy5vYmplY3RzViRjbGFzc6INDoACgAOiEBGABIAFgAdccmVsYXRpdmVQYXRoWWFsaWFzRGF0YV8QXS4uL0FyY2hpdmUoMjAxMy0yMDE1U1ApLzIwMTUgU1AvTGF0aW4gQW1lcmljYW4gU3R1ZGllcy9hbmFseXRpYyBwYXBlci9CcnVzY28gZXQgYWwgMjAwNC4gLnBkZtIXCxgZV05TLmRhdGFPEQI+AAAAAAI+AAIAAAxNYWNpbnRvc2ggSEQAAAAAAAAAAAAAAAAAAADQiTnaSCsAAABFAl4XQnJ1c2NvIGV0IGFsIDIwMDQuIC5wZGYAAAAAAAAAAAAAAAAAAAAAAAAAAAAAAAAAAAAAAAAAAAAAAAAAAAAAAGB/odESJSAAAAAAAAAAAAABAAUAAAkgAAAAAAAAAAAAAAAAAAAADmFuYWx5dGljIHBhcGVyABAACAAA0ImcSgAAABEACAAA0RKHkAAAAAEAHABFAl4ACXo2AAl5mABhtmYACXiBAAlBmwACk9MAAgCETWFjaW50b3NoIEhEOlVzZXJzOgBoYW93YW5nOgBEcm9wYm94OgBBcmNoaXZlKDIwMTMtMjAxNVNQKToAMjAxNSBTUDoATGF0aW4gQW1lcmljYW4gU3R1ZGllczoAYW5hbHl0aWMgcGFwZXI6AEJydXNjbyBldCBhbCAyMDA0LiAucGRmAA4AMAAXAEIAcgB1AHMAYwBvACAAZQB0ACAAYQBsACAAMgAwADAANAAuACAALgBwAGQAZgAPABoADABNAGEAYwBpAG4AdABvAHMAaAAgAEgARAASAHBVc2Vycy9oYW93YW5nL0Ryb3Bib3gvQXJjaGl2ZSgyMDEzLTIwMTVTUCkvMjAxNSBTUC9MYXRpbiBBbWVyaWNhbiBTdHVkaWVzL2FuYWx5dGljIHBhcGVyL0JydXNjbyBldCBhbCAyMDA0LiAucGRmABMAAS8AABUAAgAO//8AAIAG0hscHR5aJGNsYXNzbmFtZVgkY2xhc3Nlc11OU011dGFibGVEYXRhox0fIFZOU0RhdGFYTlNPYmplY3TSGxwiI1xOU0RpY3Rpb25hcnmiIiBfEA9OU0tleWVkQXJjaGl2ZXLRJidUcm9vdIABAAgAEQAaACMALQAyADcAQABGAE0AVQBgAGcAagBsAG4AcQBzAHUAdwCEAI4A7gDzAPsDPQM/A0QDTwNYA2YDagNxA3oDfwOMA48DoQOkA6kAAAAAAAACAQAAAAAAAAAoAAAAAAAAAAAAAAAAAAADqw==}}

@article{Burkhart1997,
	Author = {Ross E. Burkhart},
	Date-Modified = {2015-04-16 00:09:28 +0000},
	Journal = {Joural of Politics},
	Keywords = {redist},
	Number = {1},
	Owner = {lostkimi},
	Pages = {148 - 164},
	Timestamp = {2014.10.26},
	Title = {Comparative Democracy and Income Distribution: Shape and Direction of Causal Arrow},
	Volume = {59},
	Year = {1997}}

@article{Calvo2013,
	Author = {Ernesto Calvo and Maria Victoria Murillo},
	Date-Modified = {2015-04-15 23:42:52 +0000},
	Journal = {Comparative Political Studies},
	Keywords = {vote buying},
	Number = {7},
	Owner = {haowang},
	Pages = {851 - 882},
	Timestamp = {2015.03.28},
	Title = {When Parties Meet Voters: Assessing Political Linkages Through Partisan Networks and Distributive Expectations in Argentina and Chile},
	Volume = {46},
	Year = {2013},
	Bdsk-File-1 = {YnBsaXN0MDDUAQIDBAUGJCVYJHZlcnNpb25YJG9iamVjdHNZJGFyY2hpdmVyVCR0b3ASAAGGoKgHCBMUFRYaIVUkbnVsbNMJCgsMDxJXTlMua2V5c1pOUy5vYmplY3RzViRjbGFzc6INDoACgAOiEBGABIAFgAdccmVsYXRpdmVQYXRoWWFsaWFzRGF0YV8QYC4uL0FyY2hpdmUoMjAxMy0yMDE1U1ApLzIwMTUgU1AvTGF0aW4gQW1lcmljYW4gU3R1ZGllcy9hbmFseXRpYyBwYXBlci9DYWx2byBhbmQgTXVyaWxsbyAyMDEzLnBkZtIXCxgZV05TLmRhdGFPEQJMAAAAAAJMAAIAAAxNYWNpbnRvc2ggSEQAAAAAAAAAAAAAAAAAAADQiTnaSCsAAABFAl4aQ2Fsdm8gYW5kIE11cmlsbG8gMjAxMy5wZGYAAAAAAAAAAAAAAAAAAAAAAAAAAAAAAAAAAAAAAAAAAAAAAAAAAHXkQ9E8ukMAAAAAAAAAAAABAAUAAAkgAAAAAAAAAAAAAAAAAAAADmFuYWx5dGljIHBhcGVyABAACAAA0ImcSgAAABEACAAA0T0cswAAAAEAHABFAl4ACXo2AAl5mABhtmYACXiBAAlBmwACk9MAAgCHTWFjaW50b3NoIEhEOlVzZXJzOgBoYW93YW5nOgBEcm9wYm94OgBBcmNoaXZlKDIwMTMtMjAxNVNQKToAMjAxNSBTUDoATGF0aW4gQW1lcmljYW4gU3R1ZGllczoAYW5hbHl0aWMgcGFwZXI6AENhbHZvIGFuZCBNdXJpbGxvIDIwMTMucGRmAAAOADYAGgBDAGEAbAB2AG8AIABhAG4AZAAgAE0AdQByAGkAbABsAG8AIAAyADAAMQAzAC4AcABkAGYADwAaAAwATQBhAGMAaQBuAHQAbwBzAGgAIABIAEQAEgBzVXNlcnMvaGFvd2FuZy9Ecm9wYm94L0FyY2hpdmUoMjAxMy0yMDE1U1ApLzIwMTUgU1AvTGF0aW4gQW1lcmljYW4gU3R1ZGllcy9hbmFseXRpYyBwYXBlci9DYWx2byBhbmQgTXVyaWxsbyAyMDEzLnBkZgAAEwABLwAAFQACAA7//wAAgAbSGxwdHlokY2xhc3NuYW1lWCRjbGFzc2VzXU5TTXV0YWJsZURhdGGjHR8gVk5TRGF0YVhOU09iamVjdNIbHCIjXE5TRGljdGlvbmFyeaIiIF8QD05TS2V5ZWRBcmNoaXZlctEmJ1Ryb290gAEACAARABoAIwAtADIANwBAAEYATQBVAGAAZwBqAGwAbgBxAHMAdQB3AIQAjgDxAPYA/gNOA1ADVQNgA2kDdwN7A4IDiwOQA50DoAOyA7UDugAAAAAAAAIBAAAAAAAAACgAAAAAAAAAAAAAAAAAAAO8}}

@article{Calvo2004,
	Author = {Ernesto Calvo and Maria Victoria Murillo},
	Date-Modified = {2015-04-15 23:42:38 +0000},
	Groups = {Vote-buying},
	Journal = {American Journal of Political Science},
	Keywords = {vote buying},
	Number = {4},
	Owner = {haowang},
	Pages = {742 - 757},
	Timestamp = {2015.03.15},
	Title = {Who Delivers? Partisan Clients in the Argentine Electoral Market},
	Volume = {48},
	Year = {2004},
	Bdsk-File-1 = {YnBsaXN0MDDUAQIDBAUGJCVYJHZlcnNpb25YJG9iamVjdHNZJGFyY2hpdmVyVCR0b3ASAAGGoKgHCBMUFRYaIVUkbnVsbNMJCgsMDxJXTlMua2V5c1pOUy5vYmplY3RzViRjbGFzc6INDoACgAOiEBGABIAFgAdccmVsYXRpdmVQYXRoWWFsaWFzRGF0YV8QYS4uL0FyY2hpdmUoMjAxMy0yMDE1U1ApLzIwMTUgU1AvTGF0aW4gQW1lcmljYW4gU3R1ZGllcy9hbmFseXRpYyBwYXBlci9DYWx2byBhbmQgTXVyaWxsbyAyMDA0IC5wZGbSFwsYGVdOUy5kYXRhTxECTgAAAAACTgACAAAMTWFjaW50b3NoIEhEAAAAAAAAAAAAAAAAAAAA0Ik52kgrAAAARQJeG0NhbHZvIGFuZCBNdXJpbGxvIDIwMDQgLnBkZgAAAAAAAAAAAAAAAAAAAAAAAAAAAAAAAAAAAAAAAAAAAAAAAABiTk7RKwxCAAAAAAAAAAAAAQAFAAAJIAAAAAAAAAAAAAAAAAAAAA5hbmFseXRpYyBwYXBlcgAQAAgAANCJnEoAAAARAAgAANErbrIAAAABABwARQJeAAl6NgAJeZgAYbZmAAl4gQAJQZsAApPTAAIAiE1hY2ludG9zaCBIRDpVc2VyczoAaGFvd2FuZzoARHJvcGJveDoAQXJjaGl2ZSgyMDEzLTIwMTVTUCk6ADIwMTUgU1A6AExhdGluIEFtZXJpY2FuIFN0dWRpZXM6AGFuYWx5dGljIHBhcGVyOgBDYWx2byBhbmQgTXVyaWxsbyAyMDA0IC5wZGYADgA4ABsAQwBhAGwAdgBvACAAYQBuAGQAIABNAHUAcgBpAGwAbABvACAAMgAwADAANAAgAC4AcABkAGYADwAaAAwATQBhAGMAaQBuAHQAbwBzAGgAIABIAEQAEgB0VXNlcnMvaGFvd2FuZy9Ecm9wYm94L0FyY2hpdmUoMjAxMy0yMDE1U1ApLzIwMTUgU1AvTGF0aW4gQW1lcmljYW4gU3R1ZGllcy9hbmFseXRpYyBwYXBlci9DYWx2byBhbmQgTXVyaWxsbyAyMDA0IC5wZGYAEwABLwAAFQACAA7//wAAgAbSGxwdHlokY2xhc3NuYW1lWCRjbGFzc2VzXU5TTXV0YWJsZURhdGGjHR8gVk5TRGF0YVhOU09iamVjdNIbHCIjXE5TRGljdGlvbmFyeaIiIF8QD05TS2V5ZWRBcmNoaXZlctEmJ1Ryb290gAEACAARABoAIwAtADIANwBAAEYATQBVAGAAZwBqAGwAbgBxAHMAdQB3AIQAjgDyAPcA/wNRA1MDWANjA2wDegN+A4UDjgOTA6ADowO1A7gDvQAAAAAAAAIBAAAAAAAAACgAAAAAAAAAAAAAAAAAAAO/}}

@article{ChenDickson2008,
	Author = {Jie Chen and Bruce J. Dickson},
	Journal = {The China Quarterly},
	Keywords = {Opinion},
	Owner = {Kimi},
	Pages = {780-804},
	Timestamp = {2016.04.27},
	Title = {Allies of the State: Democratic Support and Regime Support among China's Private Enterpreneurs},
	Volume = {196},
	Year = {2008}}

@article{Chong2004,
	__Markedentry = {[lostkimi:6]},
	Author = {Alberto Chong},
	Date-Modified = {2015-04-16 00:13:55 +0000},
	Journal = {Economics and Politics},
	Keywords = {redist},
	Number = {2},
	Owner = {lostkimi},
	Pages = {189 - 212},
	Timestamp = {2014.09.23},
	Title = {Inequality, Democracy, and Persistence: Is There a Political Kuznets Curve?},
	Volume = {16},
	Year = {2004}}

@article{ColemanMoss2016,
	Author = {Stephen Coleman and Giles Moss},
	Journal = {The International Journal of Press and Politics},
	Keywords = {Debates},
	Number = {1},
	Owner = {Kimi},
	Pages = {3 - 24},
	Timestamp = {2016.09.20},
	Title = {Rethinking Election Debates: What Citizens are Entitled to Expect},
	Volume = {21},
	Year = {2016}}

@article{Converse2006,
	Author = {Philip Converse},
	Date-Modified = {2015-04-16 00:39:49 +0000},
	Journal = {Critical Review: A Journal of Politics and Society},
	Keywords = {opinion; Debates; Party},
	Number = {3},
	Owner = {lostkimi},
	Pages = {1 -74},
	Timestamp = {2014.11.30},
	Title = {The Nature of Belief Systems in Mass Publics (1964)},
	Volume = {1},
	Year = {2006}}

@article{Corstange2009,
	Author = {Daniel Corstange},
	Date-Added = {2015-05-10 18:22:06 +0000},
	Date-Modified = {2015-05-10 18:22:54 +0000},
	Journal = {Political Analysis},
	Keywords = {censorship},
	Number = {1},
	Pages = {45 - 63},
	Title = {Sensitive Questions, Truthful Answers? Modeling the List Experiment with LISTIT},
	Volume = {17},
	Year = {2009}}

@article{Cox1986,
	Author = {Gary W. Cox and Mathew D. McCubbins},
	Date-Modified = {2015-04-15 23:42:59 +0000},
	Journal = {The Journal of Politics},
	Keywords = {vote buying},
	Number = {2},
	Owner = {haowang},
	Pages = {370 - 389},
	Timestamp = {2015.03.28},
	Title = {Electoral Politics as a Redistributive Game},
	Volume = {48},
	Year = {1986},
	Bdsk-File-1 = {YnBsaXN0MDDUAQIDBAUGJCVYJHZlcnNpb25YJG9iamVjdHNZJGFyY2hpdmVyVCR0b3ASAAGGoKgHCBMUFRYaIVUkbnVsbNMJCgsMDxJXTlMua2V5c1pOUy5vYmplY3RzViRjbGFzc6INDoACgAOiEBGABIAFgAdccmVsYXRpdmVQYXRoWWFsaWFzRGF0YV8QXC4uL0FyY2hpdmUoMjAxMy0yMDE1U1ApLzIwMTUgU1AvTGF0aW4gQW1lcmljYW4gU3R1ZGllcy9hbmFseXRpYyBwYXBlci9Db3gmTWNDdWJiaW5zIDE5ODYucGRm0hcLGBlXTlMuZGF0YU8RAjwAAAAAAjwAAgAADE1hY2ludG9zaCBIRAAAAAAAAAAAAAAAAAAAANCJOdpIKwAAAEUCXhZDb3gmTWNDdWJiaW5zIDE5ODYucGRmAAAAAAAAAAAAAAAAAAAAAAAAAAAAAAAAAAAAAAAAAAAAAAAAAAAAAAAAdKDl0TuFFQAAAAAAAAAAAAEABQAACSAAAAAAAAAAAAAAAAAAAAAOYW5hbHl0aWMgcGFwZXIAEAAIAADQiZxKAAAAEQAIAADRO+eFAAAAAQAcAEUCXgAJejYACXmYAGG2ZgAJeIEACUGbAAKT0wACAINNYWNpbnRvc2ggSEQ6VXNlcnM6AGhhb3dhbmc6AERyb3Bib3g6AEFyY2hpdmUoMjAxMy0yMDE1U1ApOgAyMDE1IFNQOgBMYXRpbiBBbWVyaWNhbiBTdHVkaWVzOgBhbmFseXRpYyBwYXBlcjoAQ294Jk1jQ3ViYmlucyAxOTg2LnBkZgAADgAuABYAQwBvAHgAJgBNAGMAQwB1AGIAYgBpAG4AcwAgADEAOQA4ADYALgBwAGQAZgAPABoADABNAGEAYwBpAG4AdABvAHMAaAAgAEgARAASAG9Vc2Vycy9oYW93YW5nL0Ryb3Bib3gvQXJjaGl2ZSgyMDEzLTIwMTVTUCkvMjAxNSBTUC9MYXRpbiBBbWVyaWNhbiBTdHVkaWVzL2FuYWx5dGljIHBhcGVyL0NveCZNY0N1YmJpbnMgMTk4Ni5wZGYAABMAAS8AABUAAgAO//8AAIAG0hscHR5aJGNsYXNzbmFtZVgkY2xhc3Nlc11OU011dGFibGVEYXRhox0fIFZOU0RhdGFYTlNPYmplY3TSGxwiI1xOU0RpY3Rpb25hcnmiIiBfEA9OU0tleWVkQXJjaGl2ZXLRJidUcm9vdIABAAgAEQAaACMALQAyADcAQABGAE0AVQBgAGcAagBsAG4AcQBzAHUAdwCEAI4A7QDyAPoDOgM8A0EDTANVA2MDZwNuA3cDfAOJA4wDngOhA6YAAAAAAAACAQAAAAAAAAAoAAAAAAAAAAAAAAAAAAADqA==}}

@article{Cutright1967,
	Author = {Philip Cutright},
	Date-Modified = {2015-04-16 00:07:13 +0000},
	Journal = {American Sociological Review},
	Keywords = {redist},
	Number = {2},
	Owner = {lostkimi},
	Pages = {573 - 570},
	Timestamp = {2014.10.26},
	Title = {Inequality; a Cross-National Analysis},
	Volume = {10},
	Year = {1967}}

@book{Dahl1989,
	Address = {New Haven},
	Author = {Robert Dahl},
	Date-Modified = {2015-04-16 00:39:43 +0000},
	Keywords = {democracy},
	Owner = {lostkimi},
	Publisher = {Yale University Press},
	Timestamp = {2014.10.26},
	Title = {Democracy and Its Critics},
	Year = {1989}}

@book{Dahl1971,
	Address = {New Haven},
	Author = {Robert Dahl},
	Date-Modified = {2015-04-16 00:39:35 +0000},
	Keywords = {democracy},
	Owner = {lostkimi},
	Publisher = {Yale University Press},
	Timestamp = {2014.11.28},
	Title = {Polyarchy, participation and opposition},
	Year = {1971}}

@article{DanceySheagley2013,
	Author = {Logan Dancey and Geoffrey Sheagley},
	Journal = {American Journal of Political Science},
	Keywords = {Debates},
	Number = {2},
	Owner = {Kimi},
	Pages = {312 - 325},
	Timestamp = {2016.09.20},
	Title = {Behaving Badly: Party Cues and Voter Knowledge},
	Volume = {57},
	Year = {2013}}

@article{Deininger1996,
	Author = {Klaus Deininger and Lyn Squire},
	Date-Modified = {2015-04-16 00:24:54 +0000},
	Journal = {World Bank Economic Review},
	Keywords = {data},
	Number = {3},
	Owner = {lostkimi},
	Pages = {565 - 591},
	Timestamp = {2014.10.26},
	Title = {A New Dataset Measuring Income Inequality},
	Volume = {10},
	Year = {1996}}

@article{Dekel2008,
	Author = {Eddie Dekel and Matthew O. Jackson and Asher Wolinsky},
	Date-Modified = {2015-04-15 23:43:05 +0000},
	Groups = {Vote-buying},
	Journal = {Journal of Political Economy},
	Keywords = {vote buying},
	Number = {2},
	Owner = {haowang},
	Pages = {351 - 380},
	Timestamp = {2015.03.28},
	Title = {Vote Buying: General Elections},
	Volume = {116},
	Year = {2008},
	Bdsk-File-1 = {YnBsaXN0MDDUAQIDBAUGJCVYJHZlcnNpb25YJG9iamVjdHNZJGFyY2hpdmVyVCR0b3ASAAGGoKgHCBMUFRYaIVUkbnVsbNMJCgsMDxJXTlMua2V5c1pOUy5vYmplY3RzViRjbGFzc6INDoACgAOiEBGABIAFgAdccmVsYXRpdmVQYXRoWWFsaWFzRGF0YV8QWy4uL0FyY2hpdmUoMjAxMy0yMDE1U1ApLzIwMTUgU1AvTGF0aW4gQW1lcmljYW4gU3R1ZGllcy9hbmFseXRpYyBwYXBlci9EZWtlbCBldCBhbC4gMjAwOC5wZGbSFwsYGVdOUy5kYXRhTxECNgAAAAACNgACAAAMTWFjaW50b3NoIEhEAAAAAAAAAAAAAAAAAAAA0Ik52kgrAAAARQJeFURla2VsIGV0IGFsLiAyMDA4LnBkZgAAAAAAAAAAAAAAAAAAAAAAAAAAAAAAAAAAAAAAAAAAAAAAAAAAAAAAAABgmInRKw3BAAAAAAAAAAAAAQAFAAAJIAAAAAAAAAAAAAAAAAAAAA5hbmFseXRpYyBwYXBlcgAQAAgAANCJnEoAAAARAAgAANErcDEAAAABABwARQJeAAl6NgAJeZgAYbZmAAl4gQAJQZsAApPTAAIAgk1hY2ludG9zaCBIRDpVc2VyczoAaGFvd2FuZzoARHJvcGJveDoAQXJjaGl2ZSgyMDEzLTIwMTVTUCk6ADIwMTUgU1A6AExhdGluIEFtZXJpY2FuIFN0dWRpZXM6AGFuYWx5dGljIHBhcGVyOgBEZWtlbCBldCBhbC4gMjAwOC5wZGYADgAsABUARABlAGsAZQBsACAAZQB0ACAAYQBsAC4AIAAyADAAMAA4AC4AcABkAGYADwAaAAwATQBhAGMAaQBuAHQAbwBzAGgAIABIAEQAEgBuVXNlcnMvaGFvd2FuZy9Ecm9wYm94L0FyY2hpdmUoMjAxMy0yMDE1U1ApLzIwMTUgU1AvTGF0aW4gQW1lcmljYW4gU3R1ZGllcy9hbmFseXRpYyBwYXBlci9EZWtlbCBldCBhbC4gMjAwOC5wZGYAEwABLwAAFQACAA7//wAAgAbSGxwdHlokY2xhc3NuYW1lWCRjbGFzc2VzXU5TTXV0YWJsZURhdGGjHR8gVk5TRGF0YVhOU09iamVjdNIbHCIjXE5TRGljdGlvbmFyeaIiIF8QD05TS2V5ZWRBcmNoaXZlctEmJ1Ryb290gAEACAARABoAIwAtADIANwBAAEYATQBVAGAAZwBqAGwAbgBxAHMAdQB3AIQAjgDsAPEA+QMzAzUDOgNFA04DXANgA2cDcAN1A4IDhQOXA5oDnwAAAAAAAAIBAAAAAAAAACgAAAAAAAAAAAAAAAAAAAOh}}

@article{DengPeng2011,
	Author = {Shulian Deng and Jun Peng},
	Date-Added = {2016-03-30 21:29:24 +0000},
	Date-Modified = {2016-03-30 21:30:34 +0000},
	Journal = {OECD Journal on Budgeting},
	Keywords = {budgeting},
	Pages = {75-89},
	Title = {Reforming the Budgeting Process in China},
	Volume = {1},
	Year = {2011}}

@article{Diprete2006,
	Author = {Thomas A. Diprete and Gregoory M. Eirich},
	Date-Modified = {2015-04-16 00:50:28 +0000},
	Groups = {Vote-buying},
	Journal = {Annual Review of Sociology},
	Keywords = {redist},
	Owner = {lostkimi},
	Pages = {271 - 297},
	Timestamp = {2014.11.28},
	Title = {Cumulative Advantage as a Mechanism For Inequality: A Review of Theoretical and Empirical Development},
	Volume = {32},
	Year = {2006}}

@article{Doucouliagos2008,
	Author = {Hristos Doucouliagos and Mehmet Ali Ulubasoglu},
	Date-Modified = {2015-04-16 00:40:21 +0000},
	Journal = {American Journal of Political Science},
	Keywords = {development},
	Number = {1},
	Owner = {haowang},
	Pages = {61 - 83},
	Timestamp = {2015.04.10},
	Title = {Democracy and Economic Growth: A Meta-Analysis},
	Volume = {52},
	Year = {2008}}

@book{Downs1957,
	__Markedentry = {[lostkimi:6]},
	Address = {New York},
	Author = {Anthony Downs},
	Date-Modified = {2015-04-16 00:38:03 +0000},
	Keywords = {democracy},
	Owner = {lostkimi},
	Publisher = {Harper and Row},
	Timestamp = {2014.09.23},
	Title = {An Economic Theory of Democracy},
	Year = {1957}}

@article{Duch2000,
	Author = {Raymond M. Duch and Harvey D. Palmer and Christopher J. Anderson},
	Date-Modified = {2015-04-16 00:40:33 +0000},
	Journal = {American Journal of Political Science},
	Keywords = {opinion},
	Number = {4},
	Owner = {lostkimi},
	Pages = {635 - 652},
	Timestamp = {2014.11.30},
	Title = {Heterogeneity in Perceptions of National Economic Conditions},
	Volume = {44},
	Year = {2000}}

@book{Dunning2008,
	__Markedentry = {[lostkimi:6]},
	Address = {New York},
	Author = {Thad Dunning},
	Date-Modified = {2015-04-16 00:40:43 +0000},
	Isbn = {13 978-0-511-45542-1},
	Keywords = {development},
	Owner = {lostkimi},
	Publisher = {Cambridge University Press},
	Timestamp = {2014.09.23},
	Title = {Crude Democracy - Natural Resource Wealth and Political Regimes},
	Year = {2008}}

@book{Easton1971,
	Address = {New York},
	Author = {David Easton},
	Date-Added = {2015-04-23 20:01:52 +0000},
	Date-Modified = {2015-04-23 20:04:35 +0000},
	Edition = {2nd Edition},
	Keywords = {democracy},
	Publisher = {Knopf},
	Title = {The Political System: An Inquiry into the State of Political Science},
	Year = {1971}}

@article{EcklundPark2007,
	Author = {Elaine Howard Ecklund and Jerry Z. Park},
	Journal = {Journal for the Scientific Study of Religion},
	Keywords = {Religion},
	Number = {2},
	Owner = {Kimi},
	Pages = {233-244},
	Timestamp = {2016.04.24},
	Title = {Religious Diversity and Community Volunteerism Among Asian Americans},
	Volume = {46},
	Year = {2007}}

@article{Egorov2009,
	Author = {Georgy Egorov and Serger Guriev and Konstantin Sonin},
	Date-Modified = {2015-04-16 00:41:17 +0000},
	Journal = {American Political Science Review},
	Keywords = {censorship},
	Number = {4},
	Owner = {haowang},
	Pages = {645 - 668},
	Timestamp = {2015.04.10},
	Title = {Why Resource-poor Dictators Allow Freer Media: A Theory and Evidence from Panel Data},
	Volume = {103},
	Year = {2009}}

@article{DerekBaumgartner2016,
	Author = {Derek A. Epp and Frank B. Baumgartner},
	Date-Added = {2016-03-30 21:21:59 +0000},
	Date-Modified = {2016-03-30 21:23:16 +0000},
	Journal = {Policy Studies Journal},
	Keywords = {budgeting},
	Number = {00},
	Pages = {1-16},
	Title = {Complexcity, Capacity and Budget Punctuations},
	Volume = {00},
	Year = {2016}}

@book{Esping-Andersen1990,
	Address = {Princeton},
	Author = {Gosta Esping-Andersen},
	Date-Modified = {2015-04-16 00:40:49 +0000},
	Keywords = {development},
	Owner = {lostkimi},
	Publisher = {Princeton University Press},
	Timestamp = {2014.10.27},
	Title = {The Three Worlds of Welfare Capitalism},
	Year = {1990}}

@article{Evans2006,
	Author = {Geoffrey Evans and Robert Andersen},
	Date-Modified = {2015-04-16 00:41:40 +0000},
	Journal = {The Journal of Politics},
	Keywords = {opinion},
	Number = {1},
	Owner = {lostkimi},
	Pages = {194 - 207},
	Timestamp = {2014.11.30},
	Title = {The Political Conditioning of Economic Perceptions},
	Volume = {68},
	Year = {2006}}

@electronic{EVS,
	Author = {EVS},
	Date-Modified = {2015-04-16 00:24:40 +0000},
	Howpublished = {http://www.gesis.org/en/services/data-analysis/survey-data/european-values-study/longitudinal-data-file-1981-2008 (accessed on June 6th, 2014)},
	Keywords = {data},
	Owner = {lostkimi},
	Timestamp = {2014.10.27},
	Title = {European Value Survey Longitudinal data files},
	Year = {2014}}

@article{Faguet2004,
	Author = {Jean-Paul Faguet},
	Date-Modified = {2015-04-16 00:45:43 +0000},
	Journal = {Journal of Public Economics},
	Keywords = {redist},
	Number = {3},
	Owner = {lostkimi},
	Pages = {867 - 893},
	Timestamp = {2014.11.29},
	Title = {Does decentralization increase government responsiveness to local needs?: Evidence from Bolivia},
	Volume = {88},
	Year = {2004}}

@electronic{Feenstra2013,
	Author = {Robert C. Feenstra and Robert Inklaar and Marcel P. Timmer},
	Date-Modified = {2015-04-16 00:24:33 +0000},
	Howpublished = {www. ggdc.net/pwt (accessed Sep 12, 2014)},
	Keywords = {data},
	Owner = {lostkimi},
	Timestamp = {2014.10.27},
	Title = {The Next Generation of the Penn World Table},
	Year = {2013}}

@article{Finan2012,
	Author = {Frederico Finan and Laura Schechter},
	Date-Modified = {2015-04-15 23:43:13 +0000},
	Groups = {Vote-buying},
	Journal = {Econometrica},
	Keywords = {vote buying},
	Number = {1},
	Owner = {haowang},
	Pages = {863 - 881},
	Timestamp = {2015.03.26},
	Title = {Vote-buying and Reciprocity},
	Volume = {80},
	Year = {2012},
	Bdsk-File-1 = {YnBsaXN0MDDUAQIDBAUGJCVYJHZlcnNpb25YJG9iamVjdHNZJGFyY2hpdmVyVCR0b3ASAAGGoKgHCBMUFRYaIVUkbnVsbNMJCgsMDxJXTlMua2V5c1pOUy5vYmplY3RzViRjbGFzc6INDoACgAOiEBGABIAFgAdccmVsYXRpdmVQYXRoWWFsaWFzRGF0YV8QZy4uL0FyY2hpdmUoMjAxMy0yMDE1U1ApLzIwMTUgU1AvTGF0aW4gQW1lcmljYW4gU3R1ZGllcy9hbmFseXRpYyBwYXBlci9GaW5hbl9ldF9hbC0yMDEyLUVjb25vbWV0cmljYS5wZGbSFwsYGVdOUy5kYXRhTxECZAAAAAACZAACAAAMTWFjaW50b3NoIEhEAAAAAAAAAAAAAAAAAAAA0Ik52kgrAAAARQJeH0ZpbmFuX2V0X2FsLTIwMTItRWNvIzc0M0VFQi5wZGYAAAAAAAAAAAAAAAAAAAAAAAAAAAAAAAAAAAAAAAAAAAB0PuvRKwu/AAAAAAAAAAAAAQAFAAAJIAAAAAAAAAAAAAAAAAAAAA5hbmFseXRpYyBwYXBlcgAQAAgAANCJnEoAAAARAAgAANErbi8AAAABABwARQJeAAl6NgAJeZgAYbZmAAl4gQAJQZsAApPTAAIAjE1hY2ludG9zaCBIRDpVc2VyczoAaGFvd2FuZzoARHJvcGJveDoAQXJjaGl2ZSgyMDEzLTIwMTVTUCk6ADIwMTUgU1A6AExhdGluIEFtZXJpY2FuIFN0dWRpZXM6AGFuYWx5dGljIHBhcGVyOgBGaW5hbl9ldF9hbC0yMDEyLUVjbyM3NDNFRUIucGRmAA4ARAAhAEYAaQBuAGEAbgBfAGUAdABfAGEAbAAtADIAMAAxADIALQBFAGMAbwBuAG8AbQBlAHQAcgBpAGMAYQAuAHAAZABmAA8AGgAMAE0AYQBjAGkAbgB0AG8AcwBoACAASABEABIAelVzZXJzL2hhb3dhbmcvRHJvcGJveC9BcmNoaXZlKDIwMTMtMjAxNVNQKS8yMDE1IFNQL0xhdGluIEFtZXJpY2FuIFN0dWRpZXMvYW5hbHl0aWMgcGFwZXIvRmluYW5fZXRfYWwtMjAxMi1FY29ub21ldHJpY2EucGRmABMAAS8AABUAAgAO//8AAIAG0hscHR5aJGNsYXNzbmFtZVgkY2xhc3Nlc11OU011dGFibGVEYXRhox0fIFZOU0RhdGFYTlNPYmplY3TSGxwiI1xOU0RpY3Rpb25hcnmiIiBfEA9OU0tleWVkQXJjaGl2ZXLRJidUcm9vdIABAAgAEQAaACMALQAyADcAQABGAE0AVQBgAGcAagBsAG4AcQBzAHUAdwCEAI4A+AD9AQUDbQNvA3QDfwOIA5YDmgOhA6oDrwO8A78D0QPUA9kAAAAAAAACAQAAAAAAAAAoAAAAAAAAAAAAAAAAAAAD2w==}}

@article{Finseraas2009,
	Author = {Henning Finseraas},
	Date-Added = {2015-04-19 05:18:03 +0000},
	Date-Modified = {2015-04-19 05:19:21 +0000},
	Journal = {Scandinavian Political Studies},
	Keywords = {redist},
	Number = {1},
	Pages = {94 - 119},
	Title = {Income Inequality and Demand for Redistribution: A Multilevel Analysis of European Public Opinion},
	Volume = {32},
	Year = {2009},
	Bdsk-File-1 = {YnBsaXN0MDDUAQIDBAUGJCVYJHZlcnNpb25YJG9iamVjdHNZJGFyY2hpdmVyVCR0b3ASAAGGoKgHCBMUFRYaIVUkbnVsbNMJCgsMDxJXTlMua2V5c1pOUy5vYmplY3RzViRjbGFzc6INDoACgAOiEBGABIAFgAdccmVsYXRpdmVQYXRoWWFsaWFzRGF0YV8QXy4uL1Jlc2VhcmNoIFByb2plY3QvSW5lcXVhbGl0eSBhbmQgUHVibGljIE9waW5pb24vcmVhZGluZ3MvRmluc2VyYWFzLW9waW5pb24gYW5kIGluZXF1YWxpdHkucGRm0hcLGBlXTlMuZGF0YU8RAkwAAAAAAkwAAgAADE1hY2ludG9zaCBIRAAAAAAAAAAAAAAAAAAAANCJOdpIKwAAAGG4eB9GaW5zZXJhYXMtb3BpbmlvbiBhbiM2MjA5MDcucGRmAAAAAAAAAAAAAAAAAAAAAAAAAAAAAAAAAAAAAAAAAAAAYgkH0HqXIgAAAAAAAAAAAAEABAAACSAAAAAAAAAAAAAAAAAAAAAIcmVhZGluZ3MAEAAIAADQiZxKAAAAEQAIAADQevmSAAAAAQAYAGG4eABhtsgAYbZiAAl4gQAJQZsAApPTAAIAgE1hY2ludG9zaCBIRDpVc2VyczoAaGFvd2FuZzoARHJvcGJveDoAUmVzZWFyY2ggUHJvamVjdDoASW5lcXVhbGl0eSBhbmQgUHVibGljIE9waW5pb246AHJlYWRpbmdzOgBGaW5zZXJhYXMtb3BpbmlvbiBhbiM2MjA5MDcucGRmAA4ASgAkAEYAaQBuAHMAZQByAGEAYQBzAC0AbwBwAGkAbgBpAG8AbgAgAGEAbgBkACAAaQBuAGUAcQB1AGEAbABpAHQAeQAuAHAAZABmAA8AGgAMAE0AYQBjAGkAbgB0AG8AcwBoACAASABEABIAclVzZXJzL2hhb3dhbmcvRHJvcGJveC9SZXNlYXJjaCBQcm9qZWN0L0luZXF1YWxpdHkgYW5kIFB1YmxpYyBPcGluaW9uL3JlYWRpbmdzL0ZpbnNlcmFhcy1vcGluaW9uIGFuZCBpbmVxdWFsaXR5LnBkZgATAAEvAAAVAAIADv//AACABtIbHB0eWiRjbGFzc25hbWVYJGNsYXNzZXNdTlNNdXRhYmxlRGF0YaMdHyBWTlNEYXRhWE5TT2JqZWN00hscIiNcTlNEaWN0aW9uYXJ5oiIgXxAPTlNLZXllZEFyY2hpdmVy0SYnVHJvb3SAAQAIABEAGgAjAC0AMgA3AEAARgBNAFUAYABnAGoAbABuAHEAcwB1AHcAhACOAPAA9QD9A00DTwNUA18DaAN2A3oDgQOKA48DnAOfA7EDtAO5AAAAAAAAAgEAAAAAAAAAKAAAAAAAAAAAAAAAAAAAA7s=}}

@article{ForgetteMorris2006,
	Author = {Richard Forgette and Jonathan S. Morris},
	Journal = {Political Research Quartey},
	Keywords = {Debates},
	Number = {3},
	Owner = {Kimi},
	Pages = {447 - 456},
	Timestamp = {2016.09.20},
	Title = {High-Conflict Television News and Public Opinion},
	Volume = {59},
	Year = {2006}}

@article{Gans-Morse2014,
	Author = {Jordan Gans-Morse and Sebastian Mazzuca and Simeon Nichter},
	Date-Modified = {2015-04-15 23:43:18 +0000},
	Groups = {Vote-buying},
	Journal = {American Journal of Political Science},
	Keywords = {vote buying},
	Number = {2},
	Owner = {haowang},
	Pages = {415 - 432},
	Timestamp = {2015.03.26},
	Title = {Variaties of Clientelism: Machine Politics during Elections},
	Volume = {58},
	Year = {2014},
	Bdsk-File-1 = {YnBsaXN0MDDUAQIDBAUGJCVYJHZlcnNpb25YJG9iamVjdHNZJGFyY2hpdmVyVCR0b3ASAAGGoKgHCBMUFRYaIVUkbnVsbNMJCgsMDxJXTlMua2V5c1pOUy5vYmplY3RzViRjbGFzc6INDoACgAOiEBGABIAFgAdccmVsYXRpdmVQYXRoWWFsaWFzRGF0YV8Qiy4uL0FyY2hpdmUoMjAxMy0yMDE1U1ApLzIwMTUgU1AvTGF0aW4gQW1lcmljYW4gU3R1ZGllcy9hbmFseXRpYyBwYXBlci9HYW5zLU1vcnNlLCBNYXp6dWNhIGFuZCBOaWNodGVyIC0gVmFyaWV0aWVzIG9mIENsaWVudGVsaXNtIC0gQUpQUy5wZGbSFwsYGVdOUy5kYXRhTxEC0AAAAAAC0AACAAAMTWFjaW50b3NoIEhEAAAAAAAAAAAAAAAAAAAA0Ik52kgrAAAARQJeH0dhbnMtTW9yc2UsIE1henp1Y2EgIzc0QTAzMS5wZGYAAAAAAAAAAAAAAAAAAAAAAAAAAAAAAAAAAAAAAAAAAAB0oDHROdVNAAAAAAAAAAAAAQAFAAAJIAAAAAAAAAAAAAAAAAAAAA5hbmFseXRpYyBwYXBlcgAQAAgAANCJnEoAAAARAAgAANE6N70AAAABABwARQJeAAl6NgAJeZgAYbZmAAl4gQAJQZsAApPTAAIAjE1hY2ludG9zaCBIRDpVc2VyczoAaGFvd2FuZzoARHJvcGJveDoAQXJjaGl2ZSgyMDEzLTIwMTVTUCk6ADIwMTUgU1A6AExhdGluIEFtZXJpY2FuIFN0dWRpZXM6AGFuYWx5dGljIHBhcGVyOgBHYW5zLU1vcnNlLCBNYXp6dWNhICM3NEEwMzEucGRmAA4AjABFAEcAYQBuAHMALQBNAG8AcgBzAGUALAAgAE0AYQB6AHoAdQBjAGEAIABhAG4AZAAgAE4AaQBjAGgAdABlAHIAIAAtACAAVgBhAHIAaQBlAHQAaQBlAHMAIABvAGYAIABDAGwAaQBlAG4AdABlAGwAaQBzAG0AIAAtACAAQQBKAFAAUwAuAHAAZABmAA8AGgAMAE0AYQBjAGkAbgB0AG8AcwBoACAASABEABIAnlVzZXJzL2hhb3dhbmcvRHJvcGJveC9BcmNoaXZlKDIwMTMtMjAxNVNQKS8yMDE1IFNQL0xhdGluIEFtZXJpY2FuIFN0dWRpZXMvYW5hbHl0aWMgcGFwZXIvR2Fucy1Nb3JzZSwgTWF6enVjYSBhbmQgTmljaHRlciAtIFZhcmlldGllcyBvZiBDbGllbnRlbGlzbSAtIEFKUFMucGRmABMAAS8AABUAAgAO//8AAIAG0hscHR5aJGNsYXNzbmFtZVgkY2xhc3Nlc11OU011dGFibGVEYXRhox0fIFZOU0RhdGFYTlNPYmplY3TSGxwiI1xOU0RpY3Rpb25hcnmiIiBfEA9OU0tleWVkQXJjaGl2ZXLRJidUcm9vdIABAAgAEQAaACMALQAyADcAQABGAE0AVQBgAGcAagBsAG4AcQBzAHUAdwCEAI4BHAEhASkD/QP/BAQEDwQYBCYEKgQxBDoEPwRMBE8EYQRkBGkAAAAAAAACAQAAAAAAAAAoAAAAAAAAAAAAAAAAAAAEaw==}}

@article{Gasiorowski1995,
	Author = {Mark J. Gasiorowski},
	Journal = {American Political Science Review},
	Number = {4},
	Owner = {lostkimi},
	Pages = {882 - 897},
	Timestamp = {2014.12.16},
	Title = {Economic Crisis and Political Regime Change: An Event History Analysis},
	Volume = {89},
	Year = {1995}}

@article{Gates2006,
	Author = {Scott Gates and Havard Hegre and Mark P. Jones and Havard Strand},
	Journal = {American Journal of Political Science},
	Number = {4},
	Owner = {lostkimi},
	Pages = {893 - 908},
	Timestamp = {2014.12.16},
	Title = {Institutional Inconsistency and Political Instability: Polity Duration, 1800 --2000},
	Volume = {50},
	Year = {2006}}

@article{GeddesZaller1989,
	Author = {Barbara Geddes and John R. Zaller},
	Date-Added = {2016-04-21 16:58:20 +0000},
	Date-Modified = {2016-04-21 16:59:36 +0000},
	Journal = {American Journal of Political Science},
	Keywords = {opinion},
	Number = {2},
	Pages = {319-347},
	Title = {Sources of Popular Support for Authoritarian Regimes},
	Volume = {33},
	Year = {1989}}

@article{Gilens2005,
	Author = {Martin Gilens},
	Date-Modified = {2015-04-16 00:11:16 +0000},
	Journal = {Public Opinion Quarterly},
	Keywords = {redist},
	Number = {5},
	Owner = {lostkimi},
	Pages = {778 - 796},
	Timestamp = {2014.11.26},
	Title = {Inequality and Democratic Responsiveness},
	Volume = {69},
	Year = {2005},
	Bdsk-File-1 = {YnBsaXN0MDDUAQIDBAUGJCVYJHZlcnNpb25YJG9iamVjdHNZJGFyY2hpdmVyVCR0b3ASAAGGoKgHCBMUFRYaIVUkbnVsbNMJCgsMDxJXTlMua2V5c1pOUy5vYmplY3RzViRjbGFzc6INDoACgAOiEBGABIAFgAdccmVsYXRpdmVQYXRoWWFsaWFzRGF0YV8QSS4uL1Jlc2VhcmNoIFByb2plY3QvSW5lcXVhbGl0eSBhbmQgUHVibGljIE9waW5pb24vcmVhZGluZ3MvR2xlbnMgMjAwNS5wZGbSFwsYGVdOUy5kYXRhTxEB+gAAAAAB+gACAAAMTWFjaW50b3NoIEhEAAAAAAAAAAAAAAAAAAAA0Ik52kgrAAAAYbh4DkdsZW5zIDIwMDUucGRmAAAAAAAAAAAAAAAAAAAAAAAAAAAAAAAAAAAAAAAAAAAAAAAAAAAAAAAAAAAAAAAAAACPNYrRWInXAAAAAAAAAAAAAQAEAAAJIAAAAAAAAAAAAAAAAAAAAAhyZWFkaW5ncwAQAAgAANCJnEoAAAARAAgAANFY7EcAAAABABgAYbh4AGG2yABhtmIACXiBAAlBmwACk9MAAgBvTWFjaW50b3NoIEhEOlVzZXJzOgBoYW93YW5nOgBEcm9wYm94OgBSZXNlYXJjaCBQcm9qZWN0OgBJbmVxdWFsaXR5IGFuZCBQdWJsaWMgT3BpbmlvbjoAcmVhZGluZ3M6AEdsZW5zIDIwMDUucGRmAAAOAB4ADgBHAGwAZQBuAHMAIAAyADAAMAA1AC4AcABkAGYADwAaAAwATQBhAGMAaQBuAHQAbwBzAGgAIABIAEQAEgBcVXNlcnMvaGFvd2FuZy9Ecm9wYm94L1Jlc2VhcmNoIFByb2plY3QvSW5lcXVhbGl0eSBhbmQgUHVibGljIE9waW5pb24vcmVhZGluZ3MvR2xlbnMgMjAwNS5wZGYAEwABLwAAFQACAA7//wAAgAbSGxwdHlokY2xhc3NuYW1lWCRjbGFzc2VzXU5TTXV0YWJsZURhdGGjHR8gVk5TRGF0YVhOU09iamVjdNIbHCIjXE5TRGljdGlvbmFyeaIiIF8QD05TS2V5ZWRBcmNoaXZlctEmJ1Ryb290gAEACAARABoAIwAtADIANwBAAEYATQBVAGAAZwBqAGwAbgBxAHMAdQB3AIQAjgDaAN8A5wLlAucC7AL3AwADDgMSAxkDIgMnAzQDNwNJA0wDUQAAAAAAAAIBAAAAAAAAACgAAAAAAAAAAAAAAAAAAANT}}

@article{Glynn2013,
	Author = {Adam N. Glynn},
	Date-Added = {2015-05-10 18:24:13 +0000},
	Date-Modified = {2015-05-10 18:26:29 +0000},
	Journal = {Public Opinion Quarterly},
	Keywords = {censorship},
	Number = {1},
	Pages = {159 - 1172},
	Title = {What Can We Learn With Statistical Truth Serum: Design and Analysis of the List Experiment},
	Volume = {77},
	Year = {2013}}

@article{Goldsmith2007,
	Author = {Arthur A. Goldsmith},
	Date-Modified = {2015-04-16 00:45:32 +0000},
	Journal = {Democratization},
	Keywords = {development},
	Number = {3},
	Owner = {haowang},
	Pages = {88 - 110},
	Timestamp = {2015.04.10},
	Title = {Predatory versus dedevelopment rule in Africa},
	Volume = {11},
	Year = {2007}}

@article{Gonzalez-Ocantos2014,
	Author = {Ezequiel Gonzalez-Ocantos and Chad Kiewirt de Jonge and David W. Nickerson},
	Date-Modified = {2015-04-16 00:15:12 +0000},
	Journal = {American Journal of Political Science},
	Keywords = {vote buying},
	Number = {1},
	Owner = {haowang},
	Pages = {197 - 211},
	Timestamp = {2015.03.28},
	Title = {The Conditionality of Vote-Buying Norms: Experimental Evidence from Latin America},
	Volume = {58},
	Year = {2014}}

@article{Gradstein2007,
	Author = {Mark Gradstein},
	Date-Modified = {2015-04-16 00:11:29 +0000},
	Journal = {The Economic Journal},
	Keywords = {redist},
	Number = {516},
	Owner = {lostkimi},
	Pages = {252 - 269},
	Timestamp = {2014.10.26},
	Title = {Inequality, Democracy and the Protection of Property Rights},
	Volume = {117},
	Year = {2007}}

@article{Gradstein2004,
	__Markedentry = {[lostkimi:6]},
	Author = {Mark Gradstein and Branko Milanovic},
	Date-Modified = {2015-04-16 00:15:22 +0000},
	Journal = {Journal of Economic Surveys},
	Keywords = {redist},
	Number = {4},
	Owner = {lostkimi},
	Pages = {515 - 537},
	Timestamp = {2014.09.23},
	Title = {Does LIBERTE = EGALITE? A Survey of the Empirical Links between Democracy and Inequality with some evidence on the Transition Economies},
	Volume = {18},
	Year = {2004}}

@electronic{Gradstein2001,
	__Markedentry = {[lostkimi:6]},
	Author = {Mark Gradstein and Branko Milanovic and Yvonne Ying},
	Date-Modified = {2015-04-16 00:16:18 +0000},
	Howpublished = {CESifo Worling Paper},
	Journal = {CESifo Worling Paper},
	Keywords = {redist},
	Owner = {lostkimi},
	Timestamp = {2014.09.23},
	Title = {Democracy and Income Inequality: An Empirical Analysis},
	Volume = {411},
	Year = {2001}}

@article{Graham2004,
	Author = {Carol Graham and Sandip Sukhtankar},
	Date-Modified = {2015-04-16 00:44:14 +0000},
	Journal = {Journal of Latin American Studies},
	Keywords = {redist},
	Number = {2},
	Owner = {haowang},
	Pages = {349 - 377},
	Timestamp = {2015.02.25},
	Title = {Does Economic Crisis Reduce Support for Markets and Democracy in Latin America? Some Evidence from Surveys of Public Opinion and Well Being},
	Volume = {36},
	Year = {2004}}

@article{Greitens2013,
	Author = {Sheena Chestnut Greitens},
	Date-Modified = {2015-04-16 00:15:57 +0000},
	Journal = {PS: Political Science \& Politics},
	Keywords = {censorship},
	Number = {2},
	Owner = {haowang},
	Pages = {262 - 270},
	Timestamp = {2015.03.10},
	Title = {Authoritarianism Online: What Can We Learn from Internet Data in Nondemocracies?},
	Volume = {46},
	Year = {2013}}

@article{Groseclose1996,
	Author = {Tim Groseclose and James M. Snyder. JR},
	Date-Modified = {2015-04-15 23:43:27 +0000},
	Groups = {Vote-buying},
	Journal = {American Political Science Review},
	Keywords = {vote buying},
	Number = {2},
	Owner = {haowang},
	Pages = {303 - 315},
	Timestamp = {2015.03.28},
	Title = {Buying Supermajorities},
	Volume = {90},
	Year = {1996},
	Bdsk-File-1 = {YnBsaXN0MDDUAQIDBAUGJCVYJHZlcnNpb25YJG9iamVjdHNZJGFyY2hpdmVyVCR0b3ASAAGGoKgHCBMUFRYaIVUkbnVsbNMJCgsMDxJXTlMua2V5c1pOUy5vYmplY3RzViRjbGFzc6INDoACgAOiEBGABIAFgAdccmVsYXRpdmVQYXRoWWFsaWFzRGF0YV8QZC4uL0FyY2hpdmUoMjAxMy0yMDE1U1ApLzIwMTUgU1AvTGF0aW4gQW1lcmljYW4gU3R1ZGllcy9hbmFseXRpYyBwYXBlci9Hcm9zZWNsb3NlIGFuZCBTbnlkZXIgMTk5Ni5wZGbSFwsYGVdOUy5kYXRhTxECXAAAAAACXAACAAAMTWFjaW50b3NoIEhEAAAAAAAAAAAAAAAAAAAA0Ik52kgrAAAARQJeHkdyb3NlY2xvc2UgYW5kIFNueWRlciAxOTk2LnBkZgAAAAAAAAAAAAAAAAAAAAAAAAAAAAAAAAAAAAAAAAAAAABgmyfRKw4LAAAAAAAAAAAAAQAFAAAJIAAAAAAAAAAAAAAAAAAAAA5hbmFseXRpYyBwYXBlcgAQAAgAANCJnEoAAAARAAgAANErcHsAAAABABwARQJeAAl6NgAJeZgAYbZmAAl4gQAJQZsAApPTAAIAi01hY2ludG9zaCBIRDpVc2VyczoAaGFvd2FuZzoARHJvcGJveDoAQXJjaGl2ZSgyMDEzLTIwMTVTUCk6ADIwMTUgU1A6AExhdGluIEFtZXJpY2FuIFN0dWRpZXM6AGFuYWx5dGljIHBhcGVyOgBHcm9zZWNsb3NlIGFuZCBTbnlkZXIgMTk5Ni5wZGYAAA4APgAeAEcAcgBvAHMAZQBjAGwAbwBzAGUAIABhAG4AZAAgAFMAbgB5AGQAZQByACAAMQA5ADkANgAuAHAAZABmAA8AGgAMAE0AYQBjAGkAbgB0AG8AcwBoACAASABEABIAd1VzZXJzL2hhb3dhbmcvRHJvcGJveC9BcmNoaXZlKDIwMTMtMjAxNVNQKS8yMDE1IFNQL0xhdGluIEFtZXJpY2FuIFN0dWRpZXMvYW5hbHl0aWMgcGFwZXIvR3Jvc2VjbG9zZSBhbmQgU255ZGVyIDE5OTYucGRmAAATAAEvAAAVAAIADv//AACABtIbHB0eWiRjbGFzc25hbWVYJGNsYXNzZXNdTlNNdXRhYmxlRGF0YaMdHyBWTlNEYXRhWE5TT2JqZWN00hscIiNcTlNEaWN0aW9uYXJ5oiIgXxAPTlNLZXllZEFyY2hpdmVy0SYnVHJvb3SAAQAIABEAGgAjAC0AMgA3AEAARgBNAFUAYABnAGoAbABuAHEAcwB1AHcAhACOAPUA+gECA2IDZANpA3QDfQOLA48DlgOfA6QDsQO0A8YDyQPOAAAAAAAAAgEAAAAAAAAAKAAAAAAAAAAAAAAAAAAAA9A=}}

@article{Gunitsky2015,
	Author = {Seva Gunitsky},
	Date-Modified = {2015-04-16 00:16:07 +0000},
	Groups = {Internet Censorship in China},
	Journal = {Perpectives on Politics},
	Keywords = {censorship},
	Number = {1},
	Owner = {haowang},
	Pages = {42 - 54},
	Timestamp = {2015.03.10},
	Title = {Corrupting the Cyber-Commons: Social Media as a Tool of Autocratic Stability},
	Volume = {13},
	Year = {2015}}

@incollection{Haber2008,
	Address = {London},
	Author = {Stephen Haber},
	Booktitle = {The Oxford Handbook of Political Economy},
	Chapter = {38},
	Date-Modified = {2015-04-16 00:41:01 +0000},
	Editor = {Barry R. Weingast and Donald A. Whittman},
	Keywords = {democracy},
	Owner = {haowang},
	Pages = {693 - 707},
	Publisher = {Oxford University Press},
	Timestamp = {2015.04.10},
	Title = {Authortarian Government},
	Year = {2008}}

@book{Haggard1990,
	Address = {New York},
	Author = {Stephen Haggard},
	Date-Modified = {2015-04-16 00:45:13 +0000},
	Keywords = {democracy},
	Owner = {haowang},
	Publisher = {Cornell University Press},
	Timestamp = {2015.04.10},
	Title = {Pathways from the Periphery: The Politics of Growth in the Newly Industrializing Countries},
	Year = {1990}}

@article{Haggard1997,
	__Markedentry = {[lostkimi:6]},
	Author = {Stephan Haggard and Robert R. Kaufman},
	Date-Modified = {2015-04-16 00:41:09 +0000},
	Journal = {Comparative Politics},
	Keywords = {democracy},
	Number = {3},
	Owner = {lostkimi},
	Pages = {263 - 283},
	Timestamp = {2014.09.23},
	Title = {The Political Economy of Democratic Transitions},
	Volume = {29},
	Year = {1997}}

@book{Hagopian2005,
	Address = {London},
	Author = {Frances Hagopian and Scott P. Mainwaring},
	Date-Modified = {2015-04-16 00:49:11 +0000},
	Keywords = {democracy},
	Owner = {haowang},
	Publisher = {Cambridge University Press},
	Timestamp = {2015.03.28},
	Title = {The Third Wave of Democratization in Latin America},
	Year = {2005}}

@article{Herb2005,
	__Markedentry = {[lostkimi:6]},
	Author = {Michael Herb},
	Date-Modified = {2015-04-16 00:28:51 +0000},
	Journal = {Comparative Politics},
	Keywords = {redist},
	Number = {3},
	Owner = {lostkimi},
	Pages = {297 - 316},
	Timestamp = {2014.09.23},
	Title = {No Representation without Taxation? Rents, Development, and Democracy},
	Volume = {37},
	Year = {2005}}

@article{Hibbs1977,
	__Markedentry = {[lostkimi:6]},
	Author = {Jr. Douglas A. Hibbs},
	Date-Modified = {2015-04-16 00:45:53 +0000},
	Journal = {American Political Science Review},
	Keywords = {redist},
	Number = {4},
	Owner = {lostkimi},
	Pages = {1467 - 1487},
	Timestamp = {2014.09.23},
	Title = {Political Parties and Macroeconomic Policy},
	Volume = {100},
	Year = {1977}}

@article{Hicken2011,
	Author = {Allen Hicken},
	Date-Modified = {2015-04-15 23:43:35 +0000},
	Groups = {Vote-buying},
	Journal = {Annual Review of Political Science},
	Keywords = {vote buying},
	Owner = {haowang},
	Pages = {289 - 310},
	Timestamp = {2015.03.28},
	Title = {Clientelism},
	Volume = {14},
	Year = {2011},
	Bdsk-File-1 = {YnBsaXN0MDDUAQIDBAUGJCVYJHZlcnNpb25YJG9iamVjdHNZJGFyY2hpdmVyVCR0b3ASAAGGoKgHCBMUFRYaIVUkbnVsbNMJCgsMDxJXTlMua2V5c1pOUy5vYmplY3RzViRjbGFzc6INDoACgAOiEBGABIAFgAdccmVsYXRpdmVQYXRoWWFsaWFzRGF0YV8QWy4uL0FyY2hpdmUoMjAxMy0yMDE1U1ApLzIwMTUgU1AvTGF0aW4gQW1lcmljYW4gU3R1ZGllcy9hbmFseXRpYyBwYXBlci9IaWNoZW5zIDIwMTEgQVJQUy5wZGbSFwsYGVdOUy5kYXRhTxECNgAAAAACNgACAAAMTWFjaW50b3NoIEhEAAAAAAAAAAAAAAAAAAAA0Ik52kgrAAAARQJeFUhpY2hlbnMgMjAxMSBBUlBTLnBkZgAAAAAAAAAAAAAAAAAAAAAAAAAAAAAAAAAAAAAAAAAAAAAAAAAAAAAAAAB0vm7RO/UJAAAAAAAAAAAAAQAFAAAJIAAAAAAAAAAAAAAAAAAAAA5hbmFseXRpYyBwYXBlcgAQAAgAANCJnEoAAAARAAgAANE8V3kAAAABABwARQJeAAl6NgAJeZgAYbZmAAl4gQAJQZsAApPTAAIAgk1hY2ludG9zaCBIRDpVc2VyczoAaGFvd2FuZzoARHJvcGJveDoAQXJjaGl2ZSgyMDEzLTIwMTVTUCk6ADIwMTUgU1A6AExhdGluIEFtZXJpY2FuIFN0dWRpZXM6AGFuYWx5dGljIHBhcGVyOgBIaWNoZW5zIDIwMTEgQVJQUy5wZGYADgAsABUASABpAGMAaABlAG4AcwAgADIAMAAxADEAIABBAFIAUABTAC4AcABkAGYADwAaAAwATQBhAGMAaQBuAHQAbwBzAGgAIABIAEQAEgBuVXNlcnMvaGFvd2FuZy9Ecm9wYm94L0FyY2hpdmUoMjAxMy0yMDE1U1ApLzIwMTUgU1AvTGF0aW4gQW1lcmljYW4gU3R1ZGllcy9hbmFseXRpYyBwYXBlci9IaWNoZW5zIDIwMTEgQVJQUy5wZGYAEwABLwAAFQACAA7//wAAgAbSGxwdHlokY2xhc3NuYW1lWCRjbGFzc2VzXU5TTXV0YWJsZURhdGGjHR8gVk5TRGF0YVhOU09iamVjdNIbHCIjXE5TRGljdGlvbmFyeaIiIF8QD05TS2V5ZWRBcmNoaXZlctEmJ1Ryb290gAEACAARABoAIwAtADIANwBAAEYATQBVAGAAZwBqAGwAbgBxAHMAdQB3AIQAjgDsAPEA+QMzAzUDOgNFA04DXANgA2cDcAN1A4IDhQOXA5oDnwAAAAAAAAIBAAAAAAAAACgAAAAAAAAAAAAAAAAAAAOh}}

@article{Hobolt2008,
	Author = {Sara Binzer Hobolt and Robert Klemmemsen},
	Date-Modified = {2015-04-16 00:46:16 +0000},
	Journal = {Comparative Political Studies},
	Keywords = {redist},
	Number = {3},
	Owner = {lostkimi},
	Pages = {309 - 337},
	Timestamp = {2014.11.26},
	Title = {Government Responsiveness and Political Competition in Comparative Perspective},
	Volume = {41},
	Year = {2008}}

@article{Hobolt2005,
	Author = {Sara Binzer Hobolt and Robert Klemmemsen},
	Date-Modified = {2015-04-16 00:12:14 +0000},
	Journal = {Political Studies},
	Keywords = {redist},
	Owner = {lostkimi},
	Pages = {379 - 402},
	Timestamp = {2014.11.26},
	Title = {Responsive Government? Public Opinion and Government Policy Preferences in Britain and Denmark},
	Volume = {53},
	Year = {2005}}

@article{HolbigGilley2010,
	Author = {Heike Holbig and Bruce Gilley},
	Journal = {GIGA Working Paper},
	Owner = {Kimi},
	Pages = {1-35},
	Timestamp = {2016.04.27},
	Title = {In Search of Legiutimacy in Post-revolutionary China: Bring Ideology and Governance Back In},
	Volume = {127},
	Year = {2010}}

@article{Houle2009,
	__Markedentry = {[lostkimi:6]},
	Author = {Christian Houle},
	Date-Modified = {2015-04-16 00:28:38 +0000},
	Journal = {World Politics},
	Keywords = {redist},
	Number = {4},
	Owner = {lostkimi},
	Pages = {589 - 622},
	Timestamp = {2014.09.23},
	Title = {Inequality and Democracy: Why Inequality Harms Consolidation but does not Affect Democratization},
	Volume = {61},
	Year = {2009}}

@article{Huber2008,
	Author = {Evelyne Huber and Thomas Mustillo and John D. Stephens},
	Date-Modified = {2015-04-16 00:44:37 +0000},
	Journal = {The Journal of Politics},
	Keywords = {redist},
	Number = {2},
	Owner = {haowang},
	Pages = {420 - 436},
	Timestamp = {2015.02.25},
	Title = {Politics and Social Spending in Latin America},
	Volume = {70},
	Year = {2008}}

@article{Huber2006,
	Author = {Evelyne Huber and Francois Nielsen and Jenny Pribble and John D. Huber},
	Date-Modified = {2015-04-16 00:41:59 +0000},
	Journal = {Amercian Sociological Review},
	Keywords = {redist},
	Number = {2},
	Owner = {haowang},
	Pages = {943 - 963},
	Timestamp = {2015.02.25},
	Title = {Politics and Inequality in Latin America and the Caribbean},
	Volume = {71},
	Year = {2006}}

@electronic{Huber2012,
	__Markedentry = {[lostkimi:6]},
	Author = {John D. Huber and Thomas K. Ogorzalek and Radhika Gore},
	Date-Modified = {2015-04-16 00:15:05 +0000},
	Howpublished = {http://polisci.columbia.edu/files/polisci/u86/huber%20et%20al%20inequalty.pdf},
	Keywords = {redist},
	Owner = {lostkimi},
	Timestamp = {2014.09.23},
	Title = {Democracy, Targeted Redistribution and Ethnic Inequality},
	Year = {2012}}

@book{Huntington2008,
	Address = {New Haven},
	Author = {Samuel P. Huntington},
	Owner = {Kimi},
	Publisher = {Yale University Press},
	Timestamp = {2016.04.27},
	Title = {Political Order in Changing Societies},
	Year = {2008}}

@book{Huntington1993,
	Address = {Oklahoma},
	Author = {Samuel P. Huntington},
	Date-Modified = {2015-04-16 00:47:29 +0000},
	Keywords = {democracy},
	Owner = {haowang},
	Publisher = {University of Oklahoma Press},
	Timestamp = {2015.03.28},
	Title = {The Third Wave: Democratization in the Late Twentiety Century},
	Year = {1993}}

@article{Huta2014,
	Author = {Veronika Huta},
	Journal = {The Quantitative Method for Psychology},
	Keywords = {Opinion},
	Number = {1},
	Pages = {13-28},
	Timestamp = {2016.04.23},
	Title = {When to Use Hierarchical Linear Modeling},
	Volume = {10},
	Year = {2014}}

@article{Sala-I-Martin1997,
	Author = {Xavier X. Sala-I-Martin},
	Date-Modified = {2015-04-16 00:28:08 +0000},
	Journal = {Aemrican Economic Review},
	Keywords = {method},
	Number = {2},
	Owner = {haowang},
	Pages = {178 - 183},
	Timestamp = {2015.04.10},
	Title = {I Just Ran Two Million Regressions},
	Volume = {87},
	Year = {1997}}

@article{Iverson2006,
	__Markedentry = {[lostkimi:6]},
	Author = {Torbern Iverson and David Soskice},
	Date-Modified = {2015-04-16 00:15:35 +0000},
	Journal = {American Political Science Review},
	Keywords = {redist},
	Number = {2},
	Owner = {lostkimi},
	Pages = {165 - 181},
	Timestamp = {2014.09.23},
	Title = {Electoral Institutions and the Politics of Coalitions: Why Some Democracies Redistribute More than Others},
	Volume = {100},
	Year = {2006}}

@article{Jackm1974,
	__Markedentry = {[lostkimi:6]},
	Author = {Robert Jackman},
	Date-Modified = {2015-04-16 00:35:25 +0000},
	Journal = {Amecian Sociological Review},
	Keywords = {redist},
	Number = {1},
	Owner = {lostkimi},
	Pages = {29 - 45},
	Timestamp = {2014.09.23},
	Title = {Political Democracy and Social Equality: A Comparative Analysis},
	Volume = {39},
	Year = {1974}}

@article{Jackm1973,
	__Markedentry = {[lostkimi:6]},
	Author = {Robert Jackman},
	Date-Modified = {2015-04-15 00:10:22 +0000},
	Journal = {American Journal of Political Science},
	Keywords = {redist},
	Number = {3},
	Owner = {lostkimi},
	Pages = {611 - 621},
	Timestamp = {2014.09.23},
	Title = {On the Relation of Economic Development to Democratic Performance},
	Volume = {17},
	Year = {1973}}

@article{JiangYang2015,
	Author = {Junyan Jiang and Dali Yang},
	Date-Added = {2016-04-15 22:17:50 +0000},
	Date-Modified = {2016-04-15 22:19:31 +0000},
	Journal = {Comparative Political Studies},
	Keywords = {opinion},
	Number = {5},
	Pages = {600-634},
	Title = {Lying or Believing? Measuring preference falsification from a political purge in China},
	Volume = {49},
	Year = {2015}}

@article{JohBevan2012,
	Author = {Peter John and Shaun Bevan},
	Date-Added = {2016-03-30 21:15:11 +0000},
	Date-Modified = {2016-03-30 21:16:33 +0000},
	Journal = {Policy Studies Journal},
	Keywords = {budgeting},
	Number = {1},
	Pages = {89-106},
	Title = {What Are Policy Punctuations? Large Changes in the Legislative Agenda of the UK Government, 1911-2008},
	Volume = {40},
	Year = {2012}}

@article{Johnston2013,
	Author = {Joseph B. Johnston},
	Journal = {Journal for the Scientific Study of Religion},
	Keywords = {Religion},
	Number = {4},
	Owner = {Kimi},
	Pages = {733-752},
	Timestamp = {2016.04.24},
	Title = {Religion and Volunteering Over Adult Life Course},
	Volume = {52},
	Year = {2013}}

@article{Kaufm2009,
	Author = {Robert R. Kaufman},
	Date-Modified = {2015-04-16 00:46:54 +0000},
	Journal = {Comparative Politics},
	Keywords = {redist},
	Number = {3},
	Owner = {haowang},
	Pages = {359 - 379},
	Timestamp = {2015.02.25},
	Title = {The Political Effects of Inequality in Latin America: Some Inconvenient Facts},
	Volume = {41},
	Year = {2009}}

@inbook{Kaufman1991,
	Author = {Robert R. Kaufman and Barbara Stallings},
	Chapter = {The Political Economy of Latin American Populism},
	Editor = {Rudiger Dornbusch and Sebastian Edwards},
	Groups = {Vote-buying},
	Owner = {haowang},
	Pages = {15 - 43},
	Publisher = {University of Chicago Press},
	Timestamp = {2015.02.25},
	Title = {The Macroeconomics of Populism in Latin America},
	Year = {1991}}

@electronic{Keefer2012,
	Author = {Philip Keefer},
	Date-Modified = {2015-04-16 00:25:11 +0000},
	Howpublished = {The World Bank},
	Keywords = {data},
	Owner = {lostkimi},
	Timestamp = {2014.10.27},
	Title = {DPI2012: Database of Political Institutions},
	Year = {2012}}

@article{Keefer2005,
	__Markedentry = {[lostkimi:6]},
	Author = {Philip Keefer and Stuti Khemani},
	Date-Modified = {2015-04-16 00:15:43 +0000},
	Journal = {The World Bank Research Observer},
	Keywords = {redist},
	Number = {1},
	Owner = {lostkimi},
	Pages = {1 - 27},
	Timestamp = {2014.09.23},
	Title = {Democracy, Public Expenditures, and the Poor: Understanding Political Incentives for Providing Public Service},
	Volume = {20},
	Year = {2005}}

@article{Keefer2007,
	Author = {Philip Keefer and Razvan Vlaicu},
	Date-Modified = {2015-04-15 23:46:51 +0000},
	Groups = {Vote-buying},
	Journal = {The Journal of Law, Economics and Organization},
	Keywords = {vote buying},
	Number = {2},
	Owner = {haowang},
	Pages = {371 - 406},
	Timestamp = {2015.03.28},
	Title = {Democracy, Credibility, and Clientelism},
	Volume = {24},
	Year = {2007}}

@article{Kelly2010,
	Author = {Nathan J. Kelly and Peter K. Enns},
	Date-Modified = {2015-04-16 00:17:02 +0000},
	Journal = {American Journal of Political Science},
	Keywords = {redist},
	Number = {4},
	Owner = {lostkimi},
	Pages = {855 - 870},
	Timestamp = {2014.11.02},
	Title = {Inequality and the Dynamics of Public Opinion: The Self-Reinforcing Link Between Economic Inequality and Mass Preferences},
	Volume = {54},
	Year = {2010},
	Bdsk-File-1 = {YnBsaXN0MDDUAQIDBAUGJCVYJHZlcnNpb25YJG9iamVjdHNZJGFyY2hpdmVyVCR0b3ASAAGGoKgHCBMUFRYaIVUkbnVsbNMJCgsMDxJXTlMua2V5c1pOUy5vYmplY3RzViRjbGFzc6INDoACgAOiEBGABIAFgAdccmVsYXRpdmVQYXRoWWFsaWFzRGF0YV8QXy4uL1Jlc2VhcmNoIFByb2plY3QvSW5lcXVhbGl0eSBhbmQgUHVibGljIE9waW5pb24vcmVhZGluZ3MvS2VsbHkgJiBFbm5zLS1vcGluaW9uLWluZXF1YWxpdHkucGRm0hcLGBlXTlMuZGF0YU8RAkwAAAAAAkwAAgAADE1hY2ludG9zaCBIRAAAAAAAAAAAAAAAAAAAANCJOdpIKwAAAGG4eB9LZWxseSAmIEVubnMtLW9waW5pbyM4RkY3NTYucGRmAAAAAAAAAAAAAAAAAAAAAAAAAAAAAAAAAAAAAAAAAAAAj/dW0HqXDQAAAAAAAAAAAAEABAAACSAAAAAAAAAAAAAAAAAAAAAIcmVhZGluZ3MAEAAIAADQiZxKAAAAEQAIAADQevl9AAAAAQAYAGG4eABhtsgAYbZiAAl4gQAJQZsAApPTAAIAgE1hY2ludG9zaCBIRDpVc2VyczoAaGFvd2FuZzoARHJvcGJveDoAUmVzZWFyY2ggUHJvamVjdDoASW5lcXVhbGl0eSBhbmQgUHVibGljIE9waW5pb246AHJlYWRpbmdzOgBLZWxseSAmIEVubnMtLW9waW5pbyM4RkY3NTYucGRmAA4ASgAkAEsAZQBsAGwAeQAgACYAIABFAG4AbgBzAC0ALQBvAHAAaQBuAGkAbwBuAC0AaQBuAGUAcQB1AGEAbABpAHQAeQAuAHAAZABmAA8AGgAMAE0AYQBjAGkAbgB0AG8AcwBoACAASABEABIAclVzZXJzL2hhb3dhbmcvRHJvcGJveC9SZXNlYXJjaCBQcm9qZWN0L0luZXF1YWxpdHkgYW5kIFB1YmxpYyBPcGluaW9uL3JlYWRpbmdzL0tlbGx5ICYgRW5ucy0tb3Bpbmlvbi1pbmVxdWFsaXR5LnBkZgATAAEvAAAVAAIADv//AACABtIbHB0eWiRjbGFzc25hbWVYJGNsYXNzZXNdTlNNdXRhYmxlRGF0YaMdHyBWTlNEYXRhWE5TT2JqZWN00hscIiNcTlNEaWN0aW9uYXJ5oiIgXxAPTlNLZXllZEFyY2hpdmVy0SYnVHJvb3SAAQAIABEAGgAjAC0AMgA3AEAARgBNAFUAYABnAGoAbABuAHEAcwB1AHcAhACOAPAA9QD9A00DTwNUA18DaAN2A3oDgQOKA48DnAOfA7EDtAO5AAAAAAAAAgEAAAAAAAAAKAAAAAAAAAAAAAAAAAAAA7s=}}

@article{Kennedy2010,
	Author = {John James Kennedy},
	Journal = {Journal fo Chinese Political Science},
	Owner = {Kimi},
	Pages = {169-190},
	Timestamp = {2016.04.27},
	Title = {Supply and Support for Grassroots Political Reform in Rural China},
	Volume = {15},
	Year = {2010}}

@article{Kenworthy2008,
	Author = {Lane Kenworthy and Leslie McCall},
	Date-Modified = {2015-04-16 00:16:51 +0000},
	Journal = {Socio-Economic Review},
	Keywords = {redist},
	Number = {1},
	Owner = {lostkimi},
	Pages = {35 - 68},
	Timestamp = {2014.11.02},
	Title = {Inequality, public opinion and redistribution},
	Volume = {6},
	Year = {2008},
	Bdsk-File-1 = {YnBsaXN0MDDUAQIDBAUGJCVYJHZlcnNpb25YJG9iamVjdHNZJGFyY2hpdmVyVCR0b3ASAAGGoKgHCBMUFRYaIVUkbnVsbNMJCgsMDxJXTlMua2V5c1pOUy5vYmplY3RzViRjbGFzc6INDoACgAOiEBGABIAFgAdccmVsYXRpdmVQYXRoWWFsaWFzRGF0YV8QVC4uL1Jlc2VhcmNoIFByb2plY3QvSW5lcXVhbGl0eSBhbmQgUHVibGljIE9waW5pb24vcmVhZGluZ3MvS2Vud29ydGh5Jk1jQ2FsbCAyMDA4LnBkZtIXCxgZV05TLmRhdGFPEQImAAAAAAImAAIAAAxNYWNpbnRvc2ggSEQAAAAAAAAAAAAAAAAAAADQiTnaSCsAAABhuHgZS2Vud29ydGh5Jk1jQ2FsbCAyMDA4LnBkZgAAAAAAAAAAAAAAAAAAAAAAAAAAAAAAAAAAAAAAAAAAAAAAAAAAAGHgvNB6pYwAAAAAAAAAAAABAAQAAAkgAAAAAAAAAAAAAAAAAAAACHJlYWRpbmdzABAACAAA0ImcSgAAABEACAAA0HsH/AAAAAEAGABhuHgAYbbIAGG2YgAJeIEACUGbAAKT0wACAHpNYWNpbnRvc2ggSEQ6VXNlcnM6AGhhb3dhbmc6AERyb3Bib3g6AFJlc2VhcmNoIFByb2plY3Q6AEluZXF1YWxpdHkgYW5kIFB1YmxpYyBPcGluaW9uOgByZWFkaW5nczoAS2Vud29ydGh5Jk1jQ2FsbCAyMDA4LnBkZgAOADQAGQBLAGUAbgB3AG8AcgB0AGgAeQAmAE0AYwBDAGEAbABsACAAMgAwADAAOAAuAHAAZABmAA8AGgAMAE0AYQBjAGkAbgB0AG8AcwBoACAASABEABIAZ1VzZXJzL2hhb3dhbmcvRHJvcGJveC9SZXNlYXJjaCBQcm9qZWN0L0luZXF1YWxpdHkgYW5kIFB1YmxpYyBPcGluaW9uL3JlYWRpbmdzL0tlbndvcnRoeSZNY0NhbGwgMjAwOC5wZGYAABMAAS8AABUAAgAO//8AAIAG0hscHR5aJGNsYXNzbmFtZVgkY2xhc3Nlc11OU011dGFibGVEYXRhox0fIFZOU0RhdGFYTlNPYmplY3TSGxwiI1xOU0RpY3Rpb25hcnmiIiBfEA9OU0tleWVkQXJjaGl2ZXLRJidUcm9vdIABAAgAEQAaACMALQAyADcAQABGAE0AVQBgAGcAagBsAG4AcQBzAHUAdwCEAI4A5QDqAPIDHAMeAyMDLgM3A0UDSQNQA1kDXgNrA24DgAODA4gAAAAAAAACAQAAAAAAAAAoAAAAAAAAAAAAAAAAAAADig==}}

@article{Kimetal2012,
	Author = {Sei-Hill Kim and Miejeong Han and Doo-Hun Choi and Jeong-Nam Kim},
	Journal = {The International Communication Gazette},
	Keywords = {Debates},
	Number = {1},
	Owner = {Kimi},
	Pages = {43 - 59},
	Timestamp = {2016.09.20},
	Title = {Attribute agenda setting, priming and the media's influence on how to think about a controversial Issue},
	Volume = {74},
	Year = {2012}}

@article{KimGarrett2012,
	Author = {Young Mie Kim and Kelly Garrett},
	Journal = {Political Behavior},
	Keywords = {Debates},
	Number = {2},
	Owner = {Kimi},
	Pages = {345 - 368},
	Timestamp = {2016.09.20},
	Title = {On-line and Memory-based: Revisiting the Relationship Between Candidate Evaluation Processing Models},
	Volume = {34},
	Year = {2012}}

@article{King2013,
	Author = {Gary King and Jennifer Pan and Wargaret E. Roberts},
	Date-Modified = {2015-04-16 00:17:11 +0000},
	Journal = {American Political Science Review},
	Keywords = {censorship},
	Number = {2},
	Owner = {haowang},
	Pages = {326 - 343},
	Timestamp = {2015.03.10},
	Title = {How Censorship in China Allows Government Criticism but Silences Collective Expression},
	Volume = {107},
	Year = {2013}}

@article{Kitschelt2000,
	__Markedentry = {[lostkimi:6]},
	Author = {Herbert Kitschelt},
	Journal = {Comparative Political Studies},
	Owner = {lostkimi},
	Pages = {845 - 879},
	Timestamp = {2014.09.23},
	Title = {Linkages between Citizens and Politicians in Democratic Polities},
	Volume = {33},
	Year = {2000}}

@inbook{Kitschelt2007,
	Address = {London},
	Author = {Herbert Kitschelt and Steven I. Wilkinson},
	Chapter = {Citizen-politician linkage: an introduction},
	Date-Modified = {2015-04-15 23:50:14 +0000},
	Editor = {Herbert Kitschelt and Steven I. Wilkinson},
	Keywords = {vote buying},
	Owner = {haowang},
	Pages = {1 - 50},
	Publisher = {Cambridge University Press},
	Timestamp = {2015.03.28},
	Title = {Patrons, Clients, and Politics},
	Year = {2007}}

@article{Knack1997,
	__Markedentry = {[lostkimi:6]},
	Author = {Stephen Knack and Philip Keefer},
	Date-Modified = {2015-04-16 00:17:20 +0000},
	Journal = {American Journal of Political Science},
	Keywords = {redist},
	Number = {1},
	Owner = {lostkimi},
	Pages = {323 - 332},
	Timestamp = {2014.09.23},
	Title = {Does Inequality Harm Growth Only in Democracies? A Replication and Extension},
	Volume = {41},
	Year = {1997}}

@article{KnackKeefer1997b,
	Author = {Stephen Knack and Philip Keefer},
	Journal = {The Quarterly Journal of Ecnomics},
	Keywords = {Religion},
	Number = {4},
	Owner = {Kimi},
	Pages = {1251-1288},
	Timestamp = {2016.04.24},
	Title = {Does Social Capital Have an Ecnomic Payoff? A Cross-National Investigation},
	Volume = {112},
	Year = {1997}}

@article{Knutsen2013,
	Author = {Carl Henrik Knutsen},
	Date-Modified = {2015-04-16 00:35:17 +0000},
	Journal = {World Development},
	Keywords = {development},
	Number = {1},
	Owner = {haowang},
	Pages = {1 - 18},
	Timestamp = {2015.04.10},
	Title = {Democracy, State Capacity, and Economic Growth},
	Volume = {43},
	Year = {2013}}

@article{Knutsen2011,
	Author = {Carl Henrik Knutsen},
	Date-Modified = {2015-04-16 00:35:07 +0000},
	Journal = {Journal of Development Studies},
	Keywords = {democracy},
	Number = {1},
	Owner = {haowang},
	Pages = {164 - 182},
	Timestamp = {2015.04.10},
	Title = {Democracy, Dictatorship and Protection of Property Rights},
	Volume = {47},
	Year = {2011}}

@electronic{Knutsen2014,
	Author = {Carl Henrik Knutsen and Haavard Mokleiv Nygaard},
	Howpublished = {http://dx.doi.org/10.7910/DVN/27371},
	Owner = {lostkimi},
	Timestamp = {2014.12.16},
	Title = {Institutional characteristics and regime survival: Why are semi-democracies less durable than autocracies and democracies?},
	Year = {2014}}

@article{Krieckhaus2013,
	__Markedentry = {[lostkimi:6]},
	Author = {Jonathan Krieckhaus and Byunghwan Son and Nisha Mukherjee Bellinger and Jason M. Wells},
	Date-Modified = {2015-04-16 00:32:16 +0000},
	Journal = {The Journal of Politics},
	Keywords = {redist},
	Number = {1},
	Owner = {lostkimi},
	Pages = {139 - 151},
	Timestamp = {2014.09.23},
	Title = {Economic Inequality and Democratic Support},
	Volume = {76},
	Year = {2013}}

@article{Kuran2001,
	Author = {Timur Kuran},
	Journal = {Law \& Society Review},
	Keywords = {Religion},
	Number = {4},
	Owner = {Kimi},
	Pages = {841-898},
	Timestamp = {2016.04.24},
	Title = {The Provision of Public Under IsIslam Law: Origins, Impact, and Limitations of the Waqf System},
	Volume = {35},
	Year = {2001}}

@article{Kuznets1955,
	Author = {Simon Kuznets},
	Date-Modified = {2015-04-16 00:34:16 +0000},
	Journal = {The American Economic Review},
	Keywords = {redist},
	Number = {1},
	Owner = {lostkimi},
	Pages = {1 - 28},
	Timestamp = {2014.10.27},
	Title = {Ecnomic Growth and Income Inequality},
	Volume = {45},
	Year = {1955}}

@article{LamChan2015,
	Author = {Wai Fung Lam and Kwan Nok Chan},
	Date-Added = {2016-03-30 21:13:31 +0000},
	Date-Modified = {2016-03-30 21:14:48 +0000},
	Journal = {Governance},
	Keywords = {budgeting},
	Number = {4},
	Pages = {549-570},
	Title = {How Authoritarianism Intensifies Punctuated Equilibrium: The Dynamics of Policy Attention in Hong Kong},
	Volume = {28},
	Year = {2015}}

@article{Larreguy2015,
	Author = {Horacio A. Larreguy and John Marshall and Pablo Querubin},
	Date-Modified = {2015-04-15 23:43:58 +0000},
	Groups = {Vote-buying},
	Journal = {American Political Science Review},
	Keywords = {vote buying},
	Owner = {haowang},
	Timestamp = {2015.03.26},
	Title = {Parties, Brokers and Voter mobilization: How Turnout Buying Dependes Upon the Party's Capacity to Monitor Voters},
	Volume = {forthcoming},
	Year = {2015},
	Bdsk-File-1 = {YnBsaXN0MDDUAQIDBAUGJCVYJHZlcnNpb25YJG9iamVjdHNZJGFyY2hpdmVyVCR0b3ASAAGGoKgHCBMUFRYaIVUkbnVsbNMJCgsMDxJXTlMua2V5c1pOUy5vYmplY3RzViRjbGFzc6INDoACgAOiEBGABIAFgAdccmVsYXRpdmVQYXRoWWFsaWFzRGF0YV8QXS4uL0FyY2hpdmUoMjAxMy0yMDE1U1ApLzIwMTUgU1AvTGF0aW4gQW1lcmljYW4gU3R1ZGllcy9hbmFseXRpYyBwYXBlci9MYXJyZWd1eSBldCBhbC4yMDE1LnBkZtIXCxgZV05TLmRhdGFPEQI+AAAAAAI+AAIAAAxNYWNpbnRvc2ggSEQAAAAAAAAAAAAAAAAAAADQiTnaSCsAAABFAl4XTGFycmVndXkgZXQgYWwuMjAxNS5wZGYAAAAAAAAAAAAAAAAAAAAAAAAAAAAAAAAAAAAAAAAAAAAAAAAAAAAAAHRjL9E6SwUAAAAAAAAAAAABAAUAAAkgAAAAAAAAAAAAAAAAAAAADmFuYWx5dGljIHBhcGVyABAACAAA0ImcSgAAABEACAAA0TqtdQAAAAEAHABFAl4ACXo2AAl5mABhtmYACXiBAAlBmwACk9MAAgCETWFjaW50b3NoIEhEOlVzZXJzOgBoYW93YW5nOgBEcm9wYm94OgBBcmNoaXZlKDIwMTMtMjAxNVNQKToAMjAxNSBTUDoATGF0aW4gQW1lcmljYW4gU3R1ZGllczoAYW5hbHl0aWMgcGFwZXI6AExhcnJlZ3V5IGV0IGFsLjIwMTUucGRmAA4AMAAXAEwAYQByAHIAZQBnAHUAeQAgAGUAdAAgAGEAbAAuADIAMAAxADUALgBwAGQAZgAPABoADABNAGEAYwBpAG4AdABvAHMAaAAgAEgARAASAHBVc2Vycy9oYW93YW5nL0Ryb3Bib3gvQXJjaGl2ZSgyMDEzLTIwMTVTUCkvMjAxNSBTUC9MYXRpbiBBbWVyaWNhbiBTdHVkaWVzL2FuYWx5dGljIHBhcGVyL0xhcnJlZ3V5IGV0IGFsLjIwMTUucGRmABMAAS8AABUAAgAO//8AAIAG0hscHR5aJGNsYXNzbmFtZVgkY2xhc3Nlc11OU011dGFibGVEYXRhox0fIFZOU0RhdGFYTlNPYmplY3TSGxwiI1xOU0RpY3Rpb25hcnmiIiBfEA9OU0tleWVkQXJjaGl2ZXLRJidUcm9vdIABAAgAEQAaACMALQAyADcAQABGAE0AVQBgAGcAagBsAG4AcQBzAHUAdwCEAI4A7gDzAPsDPQM/A0QDTwNYA2YDagNxA3oDfwOMA48DoQOkA6kAAAAAAAACAQAAAAAAAAAoAAAAAAAAAAAAAAAAAAADqw==}}

@electronic{Lauetal2016,
	Author = {Richar R. Lau and David J. Andersen and Tessa M. Ditonto and Mona S. Kleinberg and David P. Redlawsk},
	Journal = {Political Behavior},
	Keywords = {Debates},
	Owner = {Kimi},
	Timestamp = {2016.09.20},
	Title = {Effect of Media Environment Diversity and Advertising Tone on Information Search, Selective Exposure, and Affective Polarization},
	Url = {Doi: 10.1007/s11109-016-9354-8},
	Year = {2016},
	Bdsk-Url-1 = {Doi:%2010.1007/s11109-016-9354-8}}

@conference{LeeClark2006,
	Address = {Orlando},
	Author = {Tsuey P. Lee and Cal Clark},
	Date-Added = {2016-03-30 21:10:47 +0000},
	Date-Modified = {2016-03-30 21:11:59 +0000},
	Keywords = {budgeting},
	Organization = {Annual Meeting of the American Association for Chinese Studies},
	Publisher = {Rollins College},
	Title = {The Limits of Budget Reform in Taiwan},
	Year = {2006}}

@article{Leon2014,
	Author = {Gabriel Leon},
	Date-Modified = {2015-04-15 23:47:11 +0000},
	Journal = {European Journal of Political Economy},
	Keywords = {vote buying},
	Number = {1},
	Owner = {haowang},
	Pages = {39 - 51},
	Timestamp = {2015.02.25},
	Title = {Strategic redistribution: the political economy of populism in Latin America},
	Volume = {34},
	Year = {2014}}

@inbook{Levitsky2007,
	Address = {London},
	Author = {Steven Levitsky},
	Chapter = {From populism to clientelism? The transformation of labor-based party linkages in Latin America},
	Date-Modified = {2015-04-16 00:26:33 +0000},
	Editor = {Herbert Kitschelt and Steven I. Wilkinson},
	Groups = {Vote-buying},
	Keywords = {vote buying},
	Owner = {haowang},
	Pages = {206 -227},
	Publisher = {Cambridge University Press},
	Timestamp = {2015.03.28},
	Title = {Patrons, Clients, and Politics},
	Year = {2007}}

@book{Lewis2003,
	Address = {New York},
	Author = {W. Arthur Lewis},
	Date-Modified = {2015-04-16 00:34:25 +0000},
	Edition = {New Edition},
	Keywords = {development},
	Owner = {haowang},
	Publisher = {Routledge},
	Timestamp = {2015.04.10},
	Title = {The Theory of Economic Growth},
	Year = {2003}}

@article{Lewis-Beck2000,
	Author = {Michael S. Lewis-Beck and Mary Stegmaier},
	Date-Modified = {2015-04-16 00:50:41 +0000},
	Journal = {Annual Review of Political Science},
	Keywords = {opinion},
	Number = {1},
	Owner = {lostkimi},
	Pages = {183 - 219},
	Timestamp = {2014.11.30},
	Title = {Economic Determinants of Electoral Outcomes},
	Volume = {3},
	Year = {2000}}

@article{Lewis-Becketal2014,
	Author = {Michael S. Lewis-Beck and Wenfang Tang and Nicholas F. Martini},
	Journal = {Political Research Quartey},
	Number = {1},
	Owner = {Kimi},
	Pages = {16-25},
	Timestamp = {2016.04.27},
	Title = {A Chinese Popularity Function: Source of Government Support},
	Volume = {67},
	Year = {2014}}

@article{Li2008,
	Author = {Lianjiang Li},
	Journal = {Comparative Politics},
	Number = {2},
	Owner = {Kimi},
	Pages = {209-226},
	Timestamp = {2016.04.27},
	Title = {Political Trust and Petitioning in the Chinese Coutryside},
	Volume = {40},
	Year = {2008}}

@article{LimMacGregon2012,
	Author = {Chaeyoon Lim and Carol Ann MacGregon},
	Journal = {American Socialogical Review},
	Keywords = {Religion},
	Number = {5},
	Owner = {Kimi},
	Pages = {747-779},
	Timestamp = {2016.04.24},
	Title = {Religion and Volunteering in Context: Disentangling the Contextual Effects of Religion on Voluntary Behavior},
	Volume = {77},
	Year = {2012}}

@article{Lindert2006,
	Author = {Kathy Lindert and Emmanuel Skoufias and Joseph Shapiro},
	Date-Modified = {2015-04-16 00:31:55 +0000},
	Journal = {World Bank},
	Keywords = {redist},
	Owner = {haowang},
	Timestamp = {2015.02.23},
	Title = {Redistributing Income to the Poor and the Rich: Public Transfers in Latin America and the Caribbean},
	Volume = {0605},
	Year = {2006}}

@article{Lipset1993,
	__Markedentry = {[lostkimi:6]},
	Author = {Seymour Martin Lipset},
	Date-Modified = {2015-04-16 00:43:37 +0000},
	Journal = {American Socialogical Review},
	Keywords = {democracy},
	Number = {1},
	Owner = {lostkimi},
	Pages = {1994},
	Timestamp = {2014.09.23},
	Title = {The Social Requisites of Democracy Revisited},
	Volume = {59},
	Year = {1993}}

@article{Lipset1959,
	Author = {Seymour Martin Lipset},
	Date-Modified = {2015-04-16 00:34:56 +0000},
	Journal = {American Political Science Review},
	Keywords = {democracy},
	Number = {1},
	Owner = {lostkimi},
	Pages = {69 - 105},
	Timestamp = {2014.11.28},
	Title = {Some Social Requisites of Democracy},
	Volume = {53},
	Year = {1959}}

@article{Lorentzen2014,
	Author = {Peter Lorentzen},
	Date-Modified = {2015-04-16 00:25:31 +0000},
	Journal = {American Journal of Political Science},
	Keywords = {censorship},
	Number = {2},
	Owner = {haowang},
	Pages = {404 - 414},
	Timestamp = {2015.03.10},
	Title = {China's Strategic Censorship},
	Volume = {58},
	Year = {2014}}

@article{Lu2014,
	Author = {Xiaobo Lu and Pierre Landry},
	Date-Added = {2015-05-10 21:13:13 +0000},
	Date-Modified = {2015-05-10 21:23:42 +0000},
	Journal = {American Political Science Review},
	Keywords = {censorship},
	Number = {3},
	Pages = {706 - 722},
	Title = {Interjurisdictional Political Competition and Fiscal Extraction in China},
	Volume = {108},
	Year = {2014}}

@inbook{Lyne2007,
	Address = {London},
	Author = {Mona M. Lyne},
	Date-Modified = {2015-04-15 23:47:24 +0000},
	Editor = {Herbert Kitschelt and Steven I. Wilkinson},
	Groups = {Vote-buying},
	Keywords = {vote buying},
	Owner = {haowang},
	Pages = {159 -182},
	Publisher = {Cambridge University Press},
	Timestamp = {2015.03.28},
	Title = {Patrons, Clients, and Politics},
	Year = {2007}}

@article{Mackinnon2011,
	Author = {Rebecca Mackinnon},
	Date-Modified = {2015-04-16 00:31:44 +0000},
	Journal = {Journal of Democracy},
	Keywords = {censorship},
	Number = {1},
	Owner = {haowang},
	Pages = {32 - 46},
	Timestamp = {2015.03.10},
	Title = {China's ``Networked Authoritarianism"},
	Volume = {22},
	Year = {2011}}

@article{Macrae1977,
	__Markedentry = {[lostkimi:6]},
	Author = {C. Duncan Macrae},
	Date-Modified = {2015-04-16 00:21:08 +0000},
	Journal = {Journal of Political Economy},
	Keywords = {redist},
	Number = {2},
	Owner = {lostkimi},
	Pages = {239 - 263},
	Timestamp = {2014.09.23},
	Title = {A Political Model of Business Cycle},
	Volume = {85},
	Year = {1977}}

@article{Magee2014,
	Author = {Christopher S. P. Magee and John A. Doces},
	Date-Modified = {2015-04-16 00:43:28 +0000},
	Journal = {International Studies Quarterly},
	Keywords = {development},
	Owner = {haowang},
	Timestamp = {2015.04.10},
	Title = {Reconsidering Regime Type and Growth: Lies, Dictatorships and Statistics},
	Year = {2014}}

@electronic{Polity2015,
	Author = {Monty G. Marshall and Ted Robert Gurr and Keith Jaggers},
	Date-Modified = {2017-04-10 20:05:26 +0000},
	Howpublished = {Center for Systemic Peace},
	Keywords = {data},
	Owner = {lostkimi},
	Timestamp = {2014.10.27},
	Title = {Polity IV Project: Dataset Users' Manual},
	Year = {2015}}

@inbook{Medina2007,
	Address = {London},
	Author = {Luis Fernando Medina and Susan C. Stokes},
	Chapter = {Monopoly and monmonitor: an approach to political clientelism},
	Date-Modified = {2015-04-15 23:50:38 +0000},
	Editor = {Herbert Kitschelt and Steven I. Wilkinson},
	Groups = {Vote-buying},
	Keywords = {vote buying},
	Owner = {haowang},
	Pages = {68 - 84},
	Publisher = {Cambridge University Press},
	Timestamp = {2015.03.28},
	Title = {Patrons, Clients, and Politics},
	Year = {2007}}

@article{Meltzer1981,
	__Markedentry = {[lostkimi:6]},
	Author = {Allan H. Meltzer and Scott F. Richard},
	Date-Modified = {2015-04-16 00:44:51 +0000},
	Journal = {Journal of Political Economy},
	Keywords = {redist},
	Owner = {lostkimi},
	Pages = {914 - 927},
	Timestamp = {2014.09.23},
	Title = {A Rational Theory of the Size of Government},
	Volume = {5},
	Year = {1981}}

@article{Meng2014,
	Author = {Tianguang Meng and Jennifer Pan and Ping Yang},
	Date-Added = {2015-05-10 18:10:08 +0000},
	Date-Modified = {2015-05-10 18:13:17 +0000},
	Journal = {Comparative Political Studies},
	Keywords = {censorship},
	Month = {1-32},
	Title = {Conditional Receptivity to Citizen Participation: Evidence from a Survey Experiment in China},
	Volume = {Online},
	Year = {2014}}

@article{Morgan2013,
	Author = {Jana Morgan and Nathan J. Kelly},
	Date-Modified = {2015-04-16 00:42:09 +0000},
	Journal = {The Journal of Politics},
	Keywords = {redist},
	Number = {3},
	Owner = {haowang},
	Pages = {672 - 685},
	Timestamp = {2015.02.25},
	Title = {Market Inequality and Redistribution in Latin America and the Caribbean},
	Volume = {75},
	Year = {2013}}

@article{Muller1988,
	__Markedentry = {[lostkimi:6]},
	Author = {Edward N. Muller},
	Date-Modified = {2015-04-16 00:31:38 +0000},
	Journal = {American Socialogical Review},
	Keywords = {redist},
	Number = {1},
	Owner = {lostkimi},
	Pages = {50 - 68},
	Timestamp = {2014.09.23},
	Title = {Democracy, Economic Development, and Income Inequality},
	Volume = {53},
	Year = {1988}}

@article{Nadeau2001,
	Author = {Richard Nadeau and Michael S. Lewis-Beck},
	Date-Modified = {2015-04-16 00:46:32 +0000},
	Journal = {The Journal of Politics},
	Keywords = {opinion},
	Number = {1},
	Owner = {lostkimi},
	Pages = {159 -181},
	Timestamp = {2014.11.30},
	Title = {National Economic Voting in U.S. Presidential Elections},
	Volume = {63},
	Year = {2001}}

@article{Nichter2014,
	Author = {Simeon Nichter},
	Date-Modified = {2015-04-15 23:43:51 +0000},
	Journal = {Electoral Studies},
	Keywords = {vote buying},
	Owner = {haowang},
	Pages = {315 - 327},
	Timestamp = {2015.03.28},
	Title = {Consceptializing vote buying},
	Volume = {35},
	Year = {2014},
	Bdsk-File-1 = {YnBsaXN0MDDUAQIDBAUGJCVYJHZlcnNpb25YJG9iamVjdHNZJGFyY2hpdmVyVCR0b3ASAAGGoKgHCBMUFRYaIVUkbnVsbNMJCgsMDxJXTlMua2V5c1pOUy5vYmplY3RzViRjbGFzc6INDoACgAOiEBGABIAFgAdccmVsYXRpdmVQYXRoWWFsaWFzRGF0YV8QdC4uL0FyY2hpdmUoMjAxMy0yMDE1U1ApLzIwMTUgU1AvTGF0aW4gQW1lcmljYW4gU3R1ZGllcy9hbmFseXRpYyBwYXBlci9OaWNodGVyIDIwMTQgLSBDb25jZXB0dWFsaXppbmcgVm90ZSBCdXlpbmcucGRm0hcLGBlXTlMuZGF0YU8RAowAAAAAAowAAgAADE1hY2ludG9zaCBIRAAAAAAAAAAAAAAAAAAAANCJOdpIKwAAAEUCXh9OaWNodGVyIDIwMTQgLSBDb25jZSM3Njk2QjUucGRmAAAAAAAAAAAAAAAAAAAAAAAAAAAAAAAAAAAAAAAAAAAAdpa10TnU5wAAAAAAAAAAAAEABQAACSAAAAAAAAAAAAAAAAAAAAAOYW5hbHl0aWMgcGFwZXIAEAAIAADQiZxKAAAAEQAIAADROjdXAAAAAQAcAEUCXgAJejYACXmYAGG2ZgAJeIEACUGbAAKT0wACAIxNYWNpbnRvc2ggSEQ6VXNlcnM6AGhhb3dhbmc6AERyb3Bib3g6AEFyY2hpdmUoMjAxMy0yMDE1U1ApOgAyMDE1IFNQOgBMYXRpbiBBbWVyaWNhbiBTdHVkaWVzOgBhbmFseXRpYyBwYXBlcjoATmljaHRlciAyMDE0IC0gQ29uY2UjNzY5NkI1LnBkZgAOAF4ALgBOAGkAYwBoAHQAZQByACAAMgAwADEANAAgAC0AIABDAG8AbgBjAGUAcAB0AHUAYQBsAGkAegBpAG4AZwAgAFYAbwB0AGUAIABCAHUAeQBpAG4AZwAuAHAAZABmAA8AGgAMAE0AYQBjAGkAbgB0AG8AcwBoACAASABEABIAh1VzZXJzL2hhb3dhbmcvRHJvcGJveC9BcmNoaXZlKDIwMTMtMjAxNVNQKS8yMDE1IFNQL0xhdGluIEFtZXJpY2FuIFN0dWRpZXMvYW5hbHl0aWMgcGFwZXIvTmljaHRlciAyMDE0IC0gQ29uY2VwdHVhbGl6aW5nIFZvdGUgQnV5aW5nLnBkZgAAEwABLwAAFQACAA7//wAAgAbSGxwdHlokY2xhc3NuYW1lWCRjbGFzc2VzXU5TTXV0YWJsZURhdGGjHR8gVk5TRGF0YVhOU09iamVjdNIbHCIjXE5TRGljdGlvbmFyeaIiIF8QD05TS2V5ZWRBcmNoaXZlctEmJ1Ryb290gAEACAARABoAIwAtADIANwBAAEYATQBVAGAAZwBqAGwAbgBxAHMAdQB3AIQAjgEFAQoBEgOiA6QDqQO0A70DywPPA9YD3wPkA/ED9AQGBAkEDgAAAAAAAAIBAAAAAAAAACgAAAAAAAAAAAAAAAAAAAQQ}}

@article{Nichter2008,
	Author = {Simeon Nichter},
	Date-Modified = {2015-04-15 23:43:45 +0000},
	Groups = {Vote-buying},
	Journal = {American Political Science Review},
	Keywords = {vote buying},
	Number = {1},
	Owner = {haowang},
	Pages = {19 - 31},
	Timestamp = {2015.03.15},
	Title = {Vote Buying or Turnout Buying? Machine Politics and the Secret Ballot},
	Volume = {102},
	Year = {2008},
	Bdsk-File-1 = {YnBsaXN0MDDUAQIDBAUGJCVYJHZlcnNpb25YJG9iamVjdHNZJGFyY2hpdmVyVCR0b3ASAAGGoKgHCBMUFRYaIVUkbnVsbNMJCgsMDxJXTlMua2V5c1pOUy5vYmplY3RzViRjbGFzc6INDoACgAOiEBGABIAFgAdccmVsYXRpdmVQYXRoWWFsaWFzRGF0YV8QVi4uL0FyY2hpdmUoMjAxMy0yMDE1U1ApLzIwMTUgU1AvTGF0aW4gQW1lcmljYW4gU3R1ZGllcy9hbmFseXRpYyBwYXBlci9OaWNodGVyIDIwMDgucGRm0hcLGBlXTlMuZGF0YU8RAiQAAAAAAiQAAgAADE1hY2ludG9zaCBIRAAAAAAAAAAAAAAAAAAAANCJOdpIKwAAAEUCXhBOaWNodGVyIDIwMDgucGRmAAAAAAAAAAAAAAAAAAAAAAAAAAAAAAAAAAAAAAAAAAAAAAAAAAAAAAAAAAAAAAAAc88G0SsPbgAAAAAAAAAAAAEABQAACSAAAAAAAAAAAAAAAAAAAAAOYW5hbHl0aWMgcGFwZXIAEAAIAADQiZxKAAAAEQAIAADRK3HeAAAAAQAcAEUCXgAJejYACXmYAGG2ZgAJeIEACUGbAAKT0wACAH1NYWNpbnRvc2ggSEQ6VXNlcnM6AGhhb3dhbmc6AERyb3Bib3g6AEFyY2hpdmUoMjAxMy0yMDE1U1ApOgAyMDE1IFNQOgBMYXRpbiBBbWVyaWNhbiBTdHVkaWVzOgBhbmFseXRpYyBwYXBlcjoATmljaHRlciAyMDA4LnBkZgAADgAiABAATgBpAGMAaAB0AGUAcgAgADIAMAAwADgALgBwAGQAZgAPABoADABNAGEAYwBpAG4AdABvAHMAaAAgAEgARAASAGlVc2Vycy9oYW93YW5nL0Ryb3Bib3gvQXJjaGl2ZSgyMDEzLTIwMTVTUCkvMjAxNSBTUC9MYXRpbiBBbWVyaWNhbiBTdHVkaWVzL2FuYWx5dGljIHBhcGVyL05pY2h0ZXIgMjAwOC5wZGYAABMAAS8AABUAAgAO//8AAIAG0hscHR5aJGNsYXNzbmFtZVgkY2xhc3Nlc11OU011dGFibGVEYXRhox0fIFZOU0RhdGFYTlNPYmplY3TSGxwiI1xOU0RpY3Rpb25hcnmiIiBfEA9OU0tleWVkQXJjaGl2ZXLRJidUcm9vdIABAAgAEQAaACMALQAyADcAQABGAE0AVQBgAGcAagBsAG4AcQBzAHUAdwCEAI4A5wDsAPQDHAMeAyMDLgM3A0UDSQNQA1kDXgNrA24DgAODA4gAAAAAAAACAQAAAAAAAAAoAAAAAAAAAAAAAAAAAAADig==}}

@article{Nichter2015,
	Author = {Simeon Nichter and F. Daniel Hidalgo},
	Date-Modified = {2015-04-16 01:18:24 +0000},
	Journal = {American Journal of Political Science},
	Keywords = {vote buying},
	Owner = {haowang},
	Timestamp = {2015.03.26},
	Title = {Voter Buying: Shaping Electorate with Clientelism},
	Volume = {Online},
	Year = {2015}}

@article{Nordhaus1975,
	__Markedentry = {[lostkimi:6]},
	Author = {William D. Nordhaus},
	Date-Modified = {2015-04-16 00:18:16 +0000},
	Journal = {The Review of Economic Studies},
	Keywords = {redist},
	Number = {2},
	Owner = {lostkimi},
	Pages = {169 - 190},
	Timestamp = {2014.09.23},
	Title = {The Political Business Cycle},
	Volume = {42},
	Year = {1975}}

@article{Ocantos2012,
	Author = {Ezequiel Gonzalez Ocantos and Chad Kiewirt de Jonge and Carlos Melendez and Javier Osorio and David W. Nickerson},
	Date-Modified = {2015-05-10 17:46:54 +0000},
	Journal = {American Journal of Political Science},
	Keywords = {vote buying; Censorship},
	Number = {1},
	Owner = {haowang},
	Pages = {202 - 217},
	Timestamp = {2015.03.28},
	Title = {Vote Buying and Social Desirability Bias: Experimental Evidence from Nicaragua},
	Volume = {56},
	Year = {2012},
	Bdsk-File-1 = {YnBsaXN0MDDUAQIDBAUGJCVYJHZlcnNpb25YJG9iamVjdHNZJGFyY2hpdmVyVCR0b3ASAAGGoKgHCBMUFRYaIVUkbnVsbNMJCgsMDxJXTlMua2V5c1pOUy5vYmplY3RzViRjbGFzc6INDoACgAOiEBGABIAFgAdccmVsYXRpdmVQYXRoWWFsaWFzRGF0YV8Qiy4uL0FyY2hpdmUoMjAxMy0yMDE1U1ApLzIwMTUgU1AvTGF0aW4gQW1lcmljYW4gU3R1ZGllcy9hbmFseXRpYyBwYXBlci9Hb256YWxlej9PY2FudG9zX2V0X2FsLTIwMTItQW1lcmljYW5fSm91cm5hbF9vZl9Qb2xpdGljYWxfU2NpZW5jZS5wZGbSFwsYGVdOUy5kYXRhTxEC0AAAAAAC0AACAAAMTWFjaW50b3NoIEhEAAAAAAAAAAAAAAAAAAAA0Ik52kgrAAAARQJeH0dvbnphbGV6P09jYW50b3NfZXRfIzc0Q0ZDNy5wZGYAAAAAAAAAAAAAAAAAAAAAAAAAAAAAAAAAAAAAAAAAAAB0z8fOOVkrAAAAAAAAAAAAAQAFAAAJIAAAAAAAAAAAAAAAAAAAAA5hbmFseXRpYyBwYXBlcgAQAAgAANCJnEoAAAARAAgAAM45u5sAAAABABwARQJeAAl6NgAJeZgAYbZmAAl4gQAJQZsAApPTAAIAjE1hY2ludG9zaCBIRDpVc2VyczoAaGFvd2FuZzoARHJvcGJveDoAQXJjaGl2ZSgyMDEzLTIwMTVTUCk6ADIwMTUgU1A6AExhdGluIEFtZXJpY2FuIFN0dWRpZXM6AGFuYWx5dGljIHBhcGVyOgBHb256YWxlej9PY2FudG9zX2V0XyM3NENGQzcucGRmAA4AjABFAEcAbwBuAHoAYQBsAGUAegA/AE8AYwBhAG4AdABvAHMAXwBlAHQAXwBhAGwALQAyADAAMQAyAC0AQQBtAGUAcgBpAGMAYQBuAF8ASgBvAHUAcgBuAGEAbABfAG8AZgBfAFAAbwBsAGkAdABpAGMAYQBsAF8AUwBjAGkAZQBuAGMAZQAuAHAAZABmAA8AGgAMAE0AYQBjAGkAbgB0AG8AcwBoACAASABEABIAnlVzZXJzL2hhb3dhbmcvRHJvcGJveC9BcmNoaXZlKDIwMTMtMjAxNVNQKS8yMDE1IFNQL0xhdGluIEFtZXJpY2FuIFN0dWRpZXMvYW5hbHl0aWMgcGFwZXIvR29uemFsZXo/T2NhbnRvc19ldF9hbC0yMDEyLUFtZXJpY2FuX0pvdXJuYWxfb2ZfUG9saXRpY2FsX1NjaWVuY2UucGRmABMAAS8AABUAAgAO//8AAIAG0hscHR5aJGNsYXNzbmFtZVgkY2xhc3Nlc11OU011dGFibGVEYXRhox0fIFZOU0RhdGFYTlNPYmplY3TSGxwiI1xOU0RpY3Rpb25hcnmiIiBfEA9OU0tleWVkQXJjaGl2ZXLRJidUcm9vdIABAAgAEQAaACMALQAyADcAQABGAE0AVQBgAGcAagBsAG4AcQBzAHUAdwCEAI4BHAEhASkD/QP/BAQEDwQYBCYEKgQxBDoEPwRMBE8EYQRkBGkAAAAAAAACAQAAAAAAAAAoAAAAAAAAAAAAAAAAAAAEaw==}}

@article{Olson1993,
	Author = {Mancur Olson},
	Date-Modified = {2015-04-16 00:34:10 +0000},
	Journal = {American Political Science Review},
	Keywords = {development},
	Number = {3},
	Owner = {haowang},
	Pages = {567 - 576},
	Timestamp = {2015.04.10},
	Title = {Dictatorship, Democracy, and Development},
	Volume = {87},
	Year = {1993}}

@article{OwenVideras2007,
	Author = {Ann L. Owen and Julio R. Videras},
	Journal = {Journal of Environmental Economics and Management},
	Keywords = {Religion},
	Number = {2},
	Owner = {Kimi},
	Pages = {162-180},
	Timestamp = {2016.04.24},
	Title = {Culture and Public Goos: the case of religion and the voluntary provision of environmental quality},
	Volume = {54},
	Year = {2007}}

@article{Pan2015,
	Author = {Jennifer Pan and Yiqing Xu},
	Date-Added = {2015-05-10 18:14:12 +0000},
	Date-Modified = {2015-05-10 18:14:59 +0000},
	Journal = {SSRN Working Paper},
	Keywords = {censorship},
	Month = {Apr},
	Title = {China's Ideological Spectrum},
	Year = {2015}}

@article{Pearce2012,
	Author = {Katy E. Pearce and Sarah Kendzior},
	Date-Modified = {2015-04-16 00:32:08 +0000},
	Journal = {Journal of Communication},
	Keywords = {censorship},
	Number = {2},
	Owner = {haowang},
	Pages = {283 - 298},
	Timestamp = {2015.03.10},
	Title = {Networked Authoritarianism and Social Media in Azerbaijan},
	Volume = {62},
	Year = {2012}}

@article{Pei2012,
	Author = {Minxin Pei},
	Date-Modified = {2015-05-10 18:37:55 +0000},
	Journal = {Journal of Democracy},
	Keywords = {censorship},
	Number = {1},
	Owner = {haowang},
	Pages = {27 - 41},
	Timestamp = {2015.03.10},
	Title = {Is CCP Rule Fragile or Resilient},
	Volume = {23},
	Year = {2012}}

@book{Persson2002,
	Address = {Boston},
	Author = {Torsten Persson and Guido Enrico Tabellini},
	Date-Modified = {2015-04-16 00:43:56 +0000},
	Keywords = {development},
	Owner = {haowang},
	Publisher = {MIT Press},
	Timestamp = {2015.04.10},
	Title = {Political Economics: Explaining Economic Policy},
	Year = {2002}}

@article{Philipson1996,
	Author = {Tomas J. Philipson and James M. Snyder, Jr.},
	Date-Modified = {2015-04-16 00:17:49 +0000},
	Journal = {Public Choice},
	Keywords = {vote buying},
	Number = {4},
	Owner = {haowang},
	Pages = {245 - 265},
	Timestamp = {2015.03.28},
	Title = {Equilibrium and Effeciency in an Organized Vote Market},
	Volume = {89},
	Year = {1996}}

@book{Pitkin1967,
	Address = {Los Angeles},
	Author = {Hanna F. Pitkin},
	Date-Modified = {2015-04-16 00:33:14 +0000},
	Keywords = {democracy},
	Owner = {lostkimi},
	Publisher = {University of California Press},
	Timestamp = {2014.10.26},
	Title = {The Consept of Representation},
	Year = {1967}}

@article{PrestonRitter2013,
	Author = {Jesse Lee Preston and Ryan S. Ritter},
	Journal = {Personality and Social Psychology Bulletin},
	Keywords = {Religion},
	Number = {11},
	Owner = {Kimi},
	Pages = {1471-1483},
	Timestamp = {2016.04.24},
	Title = {Different Effects of Religion and God on Prosociality With the Ingroup and Outgroup},
	Volume = {39},
	Year = {2013}}

@inbook{Prestonetal2014,
	Address = {New York},
	Author = {Jesse Lee Preston and Erika Salomon and Ryan S. Ritter},
	Chapter = {Religious Preosociality: Personal, Cognitive and Social Factors},
	Editor = {Vassilis Saroglou},
	Keywords = {Religion},
	Owner = {Kimi},
	Pages = {149-168},
	Publisher = {Psychology Press},
	Timestamp = {2016.04.24},
	Title = {Religion, Personality and Social Behavior},
	Year = {2014}}

@article{Przeworski1997,
	__Markedentry = {[lostkimi:6]},
	Author = {Adam Przeworski and Fernando Limongi},
	Date-Modified = {2015-04-16 00:42:17 +0000},
	Journal = {World Politics},
	Keywords = {development},
	Number = {2},
	Owner = {lostkimi},
	Pages = {155 - 183},
	Timestamp = {2014.09.23},
	Title = {Modernization: Theories and Facts},
	Volume = {49},
	Year = {1997}}

@article{Przeworski1993,
	Author = {Adam Przeworski and Fernando Limongi},
	Date-Modified = {2015-04-16 00:42:41 +0000},
	Journal = {The Journal of Ecnomic Perpectives},
	Keywords = {development},
	Number = {3},
	Owner = {haowang},
	Pages = {51 - 69},
	Timestamp = {2015.04.10},
	Title = {Political Regimes and Economic Growth},
	Volume = {7},
	Year = {1993}}

@book{PutnamCampbell2012,
	Address = {New York},
	Author = {Robert Putnam and David Campbell},
	Keywords = {Religion},
	Owner = {Kimi},
	Publisher = {Simon and Schuster Paperbacks},
	Timestamp = {2016.04.24},
	Title = {American Grace: How Religion Divides and Unites US},
	Year = {2010}}

@book{Putnam1992,
	Address = {Princeton},
	Author = {Robert Putnam and Robert Leonardi and Raffaella Y. Nonetti},
	Keywords = {Religion},
	Owner = {Kimi},
	Publisher = {Princeton University Press},
	Timestamp = {2016.04.24},
	Title = {Making Democracy Work: Civic Traditions in Modern Italy},
	Year = {1992}}

@article{Rabe-Heskethetal2005,
	Author = {S. Rabe-Hesketh and S. Skrondal and A. Pickles},
	Journal = {Journal of Econometrics},
	Number = {2},
	Owner = {Kimi},
	Pages = {301-323},
	Timestamp = {2016.04.27},
	Title = {Maximum likelihood estimation of limited and discrete dependent variable models with nested random effects},
	Volume = {128},
	Year = {2005}}

@article{Rabe-Heskethetal2004,
	Author = {S. Rabe-Hesketh and S. Skrondal and A. Pickles},
	Journal = {Psychometrika},
	Number = {2},
	Owner = {Kimi},
	Pages = {167-190},
	Timestamp = {2016.04.27},
	Title = {Generalized multilevel structural equation modelling},
	Volume = {69},
	Year = {2004}}

@article{Reuveny2003,
	__Markedentry = {[lostkimi:6]},
	Author = {Rafael Reuveny and Quan Li},
	Date-Modified = {2015-04-16 00:18:09 +0000},
	Journal = {Comparative Political Studies},
	Keywords = {redist},
	Owner = {lostkimi},
	Pages = {575 - 601},
	Timestamp = {2014.09.23},
	Title = {Economic Openness, Democracy, and Income Inequality},
	Volume = {36},
	Year = {2003}}

@book{Riker1982,
	Address = {Chicagp},
	Author = {William H. Riker},
	Date-Modified = {2015-04-16 00:33:01 +0000},
	Keywords = {democracy},
	Owner = {lostkimi},
	Publisher = {Waveland Press},
	Timestamp = {2014.11.28},
	Title = {Liberalism against Populism},
	Year = {1982}}

@article{Roberts2012,
	Author = {Kenneth M. Roberts},
	Date-Modified = {2015-04-16 00:34:43 +0000},
	Journal = {United Nations University Working Paper},
	Keywords = {redist},
	Owner = {haowang},
	Timestamp = {2015.02.25},
	Title = {The Politics of Inequality and Redistribution in Latin America's Post-Adjustment Era},
	Volume = {08},
	Year = {2012}}

@article{Roberts1995,
	Author = {Kenneth M. Roberts},
	Journal = {World Politics},
	Number = {1},
	Owner = {haowang},
	Pages = {82 - 116},
	Timestamp = {2015.02.25},
	Title = {Neoliberalism and the Transformation of Populism in Latin America},
	Volume = {48},
	Year = {1995}}

@article{Robinson2006,
	Author = {James A. Robinson},
	Date-Modified = {2015-04-16 00:42:33 +0000},
	Journal = {Annual Review of Political Science},
	Keywords = {development},
	Owner = {lostkimi},
	Pages = {503 - 527},
	Timestamp = {2014.09.23},
	Title = {Economic Development and Democracy},
	Volume = {9},
	Year = {2006}}

@article{Robinson2013,
	Author = {James A. Robinson and Thierry Verdier},
	Date-Modified = {2015-04-15 23:53:55 +0000},
	Groups = {Vote-buying},
	Journal = {The Scandinavian Journal of Economics},
	Keywords = {vote buying},
	Number = {2},
	Owner = {haowang},
	Pages = {260 -291},
	Timestamp = {2015.03.28},
	Title = {The Political Economy of Clientelism},
	Volume = {115},
	Year = {2013}}

@article{Ross2006,
	__Markedentry = {[lostkimi:6]},
	Author = {Michael Ross},
	Date-Modified = {2015-04-16 00:17:56 +0000},
	Journal = {American Journal of Political Science},
	Keywords = {redist},
	Number = {4},
	Owner = {lostkimi},
	Pages = {860 - 874},
	Timestamp = {2014.09.23},
	Title = {Is Democracy Good for the Poor},
	Volume = {50},
	Year = {2006}}

@article{Ross2004,
	__Markedentry = {[lostkimi:6]},
	Author = {Michael Ross},
	Date-Modified = {2015-04-16 00:20:03 +0000},
	Journal = {British Journal of Political Science},
	Keywords = {redist},
	Number = {2},
	Owner = {lostkimi},
	Pages = {229 - 249},
	Timestamp = {2014.09.23},
	Title = {Does Taxation Lead to Representation?},
	Volume = {34},
	Year = {2004}}

@article{Ross2001,
	Author = {Michael Ross},
	Date-Modified = {2015-04-16 00:32:51 +0000},
	Journal = {World Politics},
	Keywords = {democracy},
	Number = {3},
	Owner = {lostkimi},
	Pages = {325 - 361},
	Timestamp = {2014.10.28},
	Title = {Does Oil Hinder Democracy},
	Volume = {53},
	Year = {2001}}

@article{Rubinson1977,
	__Markedentry = {[lostkimi:6]},
	Author = {Richard Rubinson and Dan Quinlan},
	Date-Modified = {2015-04-16 00:27:16 +0000},
	Journal = {American Socialogical Review},
	Keywords = {redist},
	Number = {2},
	Owner = {lostkimi},
	Pages = {611 - 623},
	Timestamp = {2014.09.23},
	Title = {Democracy and Social Inequality: A Reanalysis},
	Volume = {42},
	Year = {1977}}

@book{Rueschemeyer1992,
	__Markedentry = {[lostkimi:6]},
	Address = {Chicago},
	Author = {Dietrich Rueschemeyer and Evelyne Huber Stephens and John D. Stephens},
	Date-Modified = {2015-04-16 00:32:38 +0000},
	Keywords = {democracy},
	Owner = {lostkimi},
	Publisher = {University of Chicago Press},
	Timestamp = {2014.09.23},
	Title = {Capitalist Development and Democracy},
	Year = {1992}}

@book{Schaffer2007,
	Address = {Boulder},
	Author = {Frederic C. Schaffer and Frederic Charles Schaffer},
	Date-Modified = {2015-04-16 00:32:26 +0000},
	Keywords = {vote buying},
	Owner = {haowang},
	Publisher = {Lynne Rienner Pub},
	Timestamp = {2015.03.27},
	Title = {Elections for Sale: The Causes And Consequences of Vote Buying},
	Year = {2007}}

@book{Scott2008,
	Author = {Scott, James C},
	Date-Added = {2015-04-15 00:11:50 +0000},
	Date-Modified = {2015-04-16 00:47:14 +0000},
	Keywords = {censorship},
	Publisher = {Yale university Press},
	Title = {Weapons of the weak: Everyday forms of peasant resistance},
	Year = {2008}}

@book{Shadishetal2002,
	Address = {Boston},
	Author = {William R. Shadish and Thomas D. Cook and Donald T. Campbell},
	Date-Added = {2015-12-07 17:43:33 +0000},
	Date-Modified = {2016-01-13 17:48:48 +0000},
	Keywords = {method},
	Publisher = {Houghton Mifflin Company},
	Title = {Experimental and Quasi-Experimenral Method},
	Year = {2002}}

@article{Simpson1990,
	Author = {Miles Simpson},
	Date-Modified = {2015-04-16 00:31:05 +0000},
	Journal = {American Sociological Review},
	Keywords = {redist},
	Number = {5},
	Owner = {lostkimi},
	Pages = {682 - 693},
	Timestamp = {2014.10.26},
	Title = {Political Rights and Income Inequality: A Cross-National Test},
	Volume = {55},
	Year = {1990}}

@article{Solt2009,
	Author = {Frederick Solt},
	Date-Modified = {2015-04-16 00:26:49 +0000},
	Journal = {Social Science Quarterly},
	Keywords = {data},
	Number = {2},
	Owner = {lostkimi},
	Pages = {231 - 242},
	Timestamp = {2014.10.27},
	Title = {Standardizing the Wold Income Inequality Database},
	Volume = {90},
	Year = {2009}}

@inbook{Stokes2007,
	Address = {London},
	Author = {Susan C. Stokes},
	Chapter = {Political Clientelism},
	Editor = {Carles Boix and Susan C. Stokes},
	Groups = {Vote-buying},
	Owner = {haowang},
	Pages = {604 - 627},
	Publisher = {Oxford University Press},
	Timestamp = {2015.03.28},
	Title = {Oxford Handbook of Comparative Politics},
	Year = {2007}}

@article{Stokes2005,
	Author = {Susan C. Stokes},
	Date-Modified = {2015-04-15 23:49:03 +0000},
	Groups = {Vote-buying},
	Journal = {American Political Science Review},
	Keywords = {vote buying},
	Number = {3},
	Owner = {haowang},
	Pages = {315 - 325},
	Timestamp = {2015.02.25},
	Title = {Perverse Accountability: A Formal Model of Machine Politics with Evidence from Argentina},
	Volume = {99},
	Year = {2005}}

@book{Stokes2013,
	Address = {New York},
	Author = {Susan C. Stokes and Thad Dunning and Marcelo Nazareno and Valeria Brusco},
	Date-Modified = {2015-04-15 23:48:56 +0000},
	Groups = {Vote-buying},
	Keywords = {vote buying},
	Owner = {haowang},
	Publisher = {Cambridge University Press},
	Timestamp = {2015.02.25},
	Title = {Brokers, Voters, and Clientelism--The Puzzle of Distributive Politics},
	Year = {2013}}

@book{SturmerSnyder2010,
	Address = {London},
	Author = {Stephan Sturmer and Mark Snyder},
	Editor = {Stephan Sturmer and Mark Snyder},
	Keywords = {Religion},
	Owner = {Kimi},
	Publisher = {Willey-Blackwell},
	Timestamp = {2016.04.24},
	Title = {The Psychology of Prosocial Behavior: Group PrProcess, Intergroup Relations, and Helping},
	Year = {2010}}

@article{Szwarcberg2012,
	Author = {Mariela Szwarcberg},
	Date-Modified = {2015-04-16 00:33:51 +0000},
	Journal = {Comparative Politics},
	Keywords = {vote buying},
	Number = {1},
	Owner = {haowang},
	Pages = {88 - 106},
	Timestamp = {2015.03.26},
	Title = {Uncertainty, Political Clientelism, and Voter Turnout in Latin America},
	Volume = {45},
	Year = {2012}}

@article{Teichm2008,
	Author = {Judith Teichman},
	Date-Modified = {2015-04-16 00:42:55 +0000},
	Journal = {World Development},
	Keywords = {redist},
	Number = {3},
	Owner = {haowang},
	Pages = {446 - 460},
	Timestamp = {2015.02.25},
	Title = {Redistributive Conflict and Social Policy in Latin America},
	Volume = {36},
	Year = {2008}}

@article{Timmons2010,
	__Markedentry = {[lostkimi:6]},
	Author = {Jeffrey F. Timmons},
	Date-Modified = {2015-04-16 00:19:55 +0000},
	Journal = {British Journal of Political Science},
	Keywords = {redist},
	Number = {04},
	Owner = {lostkimi},
	Pages = {741 - 757},
	Timestamp = {2014.09.23},
	Title = {Does Democracy Reduce Economic Inequality},
	Volume = {40},
	Year = {2010}}

@book{Tocqueville2003,
	Address = {London},
	Author = {Alexis Tocqueville},
	Date-Modified = {2015-04-16 00:44:03 +0000},
	Editor = {Isaac Kramnick},
	Keywords = {democracy},
	Owner = {lostkimi},
	Publisher = {Penguin Group},
	Timestamp = {2014.10.28},
	Title = {Democracy in American (Penguin Classics)},
	Year = {2003}}

@book{Tourangeauetal2000,
	Address = {New York},
	Author = {Roger Tourangeau and Lance J. Rips and Kenneth Rasinski},
	Date-Added = {2015-12-05 23:06:52 +0000},
	Date-Modified = {2016-01-13 17:48:56 +0000},
	Keywords = {method},
	Publisher = {Cambridge University Press},
	Title = {The Psychology of Survey Response},
	Year = {2000}}

@article{Truex2014,
	Author = {Rory Truex},
	Journal = {Comparative Political Studies},
	Owner = {Kimi},
	Pages = {1-33},
	Timestamp = {2016.04.27},
	Title = {Comsultative Authoritarianism and Its Limitations},
	Volume = {Online},
	Year = {2014}}

@incollection{Tsai2010,
	Address = {New York},
	Author = {Lily Tsai},
	Booktitle = {Contemporary Chinese Politics: new sources, methods and field strategies},
	Date-Added = {2015-05-10 18:04:20 +0000},
	Date-Modified = {2015-05-10 18:05:55 +0000},
	Editor = {Carlson et al.},
	Keywords = {censorship},
	Publisher = {Cambridge University Press},
	Title = {Quantitative Research and Issues of Political Sensitivity in China},
	Year = {2010}}

@article{Tsai2007,
	Author = {Lily Tsai},
	Date-Added = {2015-05-10 17:58:58 +0000},
	Date-Modified = {2015-05-10 18:00:21 +0000},
	Journal = {American Political Science Review},
	Keywords = {censorship},
	Number = {2},
	Pages = {355 - 372},
	Title = {Solidary Groups, Informal Accountability, and Local Public Goods Provision in Rural China},
	Volume = {101},
	Year = {2007}}

@book{Tsai2007a,
	Address = {New York},
	Author = {Lily Tsai},
	Date-Added = {2015-05-10 18:01:02 +0000},
	Date-Modified = {2015-05-10 18:04:16 +0000},
	Keywords = {censorship},
	Publisher = {Cambridge University Press},
	Title = {Accountability without Democracy: Solidary Groups and Public Goods Provision in Rural China},
	Year = {2007}}

@book{Tsebelis2002,
	Address = {Princeton},
	Author = {George Tsebelis},
	Owner = {haowang},
	Publisher = {Princeton University Press},
	Timestamp = {2015.04.10},
	Title = {Veto Players: How political institutions work},
	Year = {2002}}

@article{Vicente2014,
	Author = {Pedro C. Vicente},
	Date-Modified = {2015-04-15 23:44:04 +0000},
	Groups = {Vote-buying},
	Journal = {The Economic Journal},
	Keywords = {vote buying},
	Number = {2},
	Owner = {haowang},
	Pages = {356 - 387},
	Timestamp = {2015.03.26},
	Title = {Is Vote Buying Effective? Evidence from Experiment in West Africa},
	Volume = {124},
	Year = {2014},
	Bdsk-File-1 = {YnBsaXN0MDDUAQIDBAUGJCVYJHZlcnNpb25YJG9iamVjdHNZJGFyY2hpdmVyVCR0b3ASAAGGoKgHCBMUFRYaIVUkbnVsbNMJCgsMDxJXTlMua2V5c1pOUy5vYmplY3RzViRjbGFzc6INDoACgAOiEBGABIAFgAdccmVsYXRpdmVQYXRoWWFsaWFzRGF0YV8QVi4uL0FyY2hpdmUoMjAxMy0yMDE1U1ApLzIwMTUgU1AvTGF0aW4gQW1lcmljYW4gU3R1ZGllcy9hbmFseXRpYyBwYXBlci9WaWNlbnRlIDIwMTQucGRm0hcLGBlXTlMuZGF0YU8RAiQAAAAAAiQAAgAADE1hY2ludG9zaCBIRAAAAAAAAAAAAAAAAAAAANCJOdpIKwAAAEUCXhBWaWNlbnRlIDIwMTQucGRmAAAAAAAAAAAAAAAAAAAAAAAAAAAAAAAAAAAAAAAAAAAAAAAAAAAAAAAAAAAAAAAAdMNK0SsMzwAAAAAAAAAAAAEABQAACSAAAAAAAAAAAAAAAAAAAAAOYW5hbHl0aWMgcGFwZXIAEAAIAADQiZxKAAAAEQAIAADRK28/AAAAAQAcAEUCXgAJejYACXmYAGG2ZgAJeIEACUGbAAKT0wACAH1NYWNpbnRvc2ggSEQ6VXNlcnM6AGhhb3dhbmc6AERyb3Bib3g6AEFyY2hpdmUoMjAxMy0yMDE1U1ApOgAyMDE1IFNQOgBMYXRpbiBBbWVyaWNhbiBTdHVkaWVzOgBhbmFseXRpYyBwYXBlcjoAVmljZW50ZSAyMDE0LnBkZgAADgAiABAAVgBpAGMAZQBuAHQAZQAgADIAMAAxADQALgBwAGQAZgAPABoADABNAGEAYwBpAG4AdABvAHMAaAAgAEgARAASAGlVc2Vycy9oYW93YW5nL0Ryb3Bib3gvQXJjaGl2ZSgyMDEzLTIwMTVTUCkvMjAxNSBTUC9MYXRpbiBBbWVyaWNhbiBTdHVkaWVzL2FuYWx5dGljIHBhcGVyL1ZpY2VudGUgMjAxNC5wZGYAABMAAS8AABUAAgAO//8AAIAG0hscHR5aJGNsYXNzbmFtZVgkY2xhc3Nlc11OU011dGFibGVEYXRhox0fIFZOU0RhdGFYTlNPYmplY3TSGxwiI1xOU0RpY3Rpb25hcnmiIiBfEA9OU0tleWVkQXJjaGl2ZXLRJidUcm9vdIABAAgAEQAaACMALQAyADcAQABGAE0AVQBgAGcAagBsAG4AcQBzAHUAdwCEAI4A5wDsAPQDHAMeAyMDLgM3A0UDSQNQA1kDXgNrA24DgAODA4gAAAAAAAACAQAAAAAAAAAoAAAAAAAAAAAAAAAAAAADig==}}

@article{Vicente2009,
	Author = {Pedro C. Vicente and Leonard Wantchekon},
	Date-Modified = {2015-04-15 23:48:41 +0000},
	Journal = {Oxford Reviews of Economic Policy},
	Keywords = {vote buying},
	Number = {2},
	Owner = {haowang},
	Pages = {292 - 305},
	Timestamp = {2015.03.28},
	Title = {Clientelism and vote buying: lessons from field experiments in Africa elections},
	Volume = {25},
	Year = {2009}}

@conference{Vidaurri2012,
	Author = {Aimee Vidaurri},
	Booktitle = {Western Political Science Association},
	Date-Modified = {2015-04-15 23:48:49 +0000},
	Groups = {Vote-buying},
	Keywords = {vote buying},
	Owner = {haowang},
	Timestamp = {2015.03.29},
	Title = {Clientelism in Mexico: Do Federal Funds Continue to be Redistributed Due to Political Biases?},
	Year = {2012}}

@article{Wallace2016,
	Author = {Jeremy L. Wallace},
	Date-Modified = {2015-04-16 00:20:48 +0000},
	Journal = {British Journal of Political Science},
	Keywords = {censorship},
	Number = {1},
	Owner = {haowang},
	Pages = {11-29},
	Timestamp = {2015.04.10},
	Title = {Juking the Stats? Authoritarian Information Problems in China},
	Volume = {46},
	Year = {2016}}

@phdthesis{Wangxiaoru2009,
	Address = {Michigan},
	Author = {Xiaoru Wang},
	Date-Added = {2015-05-10 17:49:23 +0000},
	Date-Modified = {2015-05-10 17:51:11 +0000},
	Keywords = {censorship},
	School = {University of Michigan},
	Title = {Behind the Great Firewall: the Internetg and Democratization in China},
	Year = {2009}}

@article{Wantchekon2003,
	Author = {Leonard Wantchekon},
	Date-Modified = {2015-04-15 23:47:49 +0000},
	Groups = {Vote-buying},
	Journal = {World Politics},
	Keywords = {vote buying},
	Number = {3},
	Owner = {haowang},
	Pages = {399 - 422},
	Timestamp = {2015.03.28},
	Title = {Clientelism and Voting Bahavior: Evidence from a Field Experiment in Benin},
	Volume = {55},
	Year = {2003}}

@article{Warner2015,
	Author = {Carolyn M. Warner and Ramazan Kilinc and Christopher W. Hale and Adam B. Cohen and Kathryn A. Johnson},
	Journal = {Comparative Politics},
	Keywords = {Religion},
	Number = {2},
	Owner = {Kimi},
	Pages = {189-209},
	Timestamp = {2016.04.24},
	Title = {Religion and Public Goods Provision: Experimetal and Interview Evidence from Catholicsim and Islam In Europe},
	Volume = {47},
	Year = {2015}}

@article{Weede1989,
	__Markedentry = {[lostkimi:6]},
	Author = {Erich Weede},
	Date-Modified = {2015-04-16 00:27:48 +0000},
	Journal = {Amecian Sociological Review},
	Keywords = {redist},
	Number = {5},
	Owner = {lostkimi},
	Pages = {865 - 868},
	Timestamp = {2014.09.23},
	Title = {Democracy and Income Inequality Reconsidered},
	Volume = {54},
	Year = {1989}}

@article{Welzeletal2003,
	Author = {Christian Welzel and Ronald Inglehart and Hans-Dieter Klingmann},
	Journal = {European Journal of Political Research},
	Number = {2},
	Owner = {Kimi},
	Pages = {341-380},
	Timestamp = {2016.04.27},
	Title = {The Theoty of Human Development},
	Volume = {42},
	Year = {2003}}

@book{Wintrobe2000,
	Address = {New York},
	Author = {Ronald Wintrobe},
	Date-Added = {2015-05-10 17:55:01 +0000},
	Date-Modified = {2015-05-10 17:57:11 +0000},
	Keywords = {censorship},
	Publisher = {Cambridge University Press},
	Title = {Political Economy of Dictatorship},
	Year = {2000}}

@book{Wintrobe1998,
	Address = {London},
	Author = {Ronald Wintrobe},
	Date-Modified = {2015-04-16 00:45:23 +0000},
	Keywords = {democracy},
	Owner = {haowang},
	Publisher = {Cambridge University Press},
	Timestamp = {2015.04.10},
	Title = {The Political Economy of Dictatorship},
	Year = {1998}}

@article{WongChristine2007,
	Author = {Christine Wong},
	Date-Added = {2016-03-30 21:24:05 +0000},
	Date-Modified = {2016-03-30 21:25:09 +0000},
	Journal = {OECD Journal on Budgeting},
	Keywords = {budgeting},
	Number = {1},
	Pages = {1-22},
	Title = {Budget Reform in China},
	Volume = {7},
	Year = {2007}}

@article{Wooldridge2003,
	Author = {Jeffrey M. Wooldridge},
	Date-Modified = {2015-04-16 00:27:36 +0000},
	Journal = {The American Economic Review},
	Keywords = {method},
	Number = {2},
	Owner = {lostkimi},
	Pages = {133 -138},
	Timestamp = {2014.10.27},
	Title = {Cluster-Sample Methods in Applied Economietrics},
	Volume = {93},
	Year = {2003}}

@electronic{WorldBank1,
	Author = {WorldBank},
	Howpublished = {http://data.worldbank.org/indicator/NY.GDP.MKTP.CD},
	Keywords = {Opinion},
	Month = {April},
	Organization = {World Bank},
	Owner = {Kimi},
	Timestamp = {2016.04.27},
	Title = {GDP at market prices (current USD)},
	Year = {2016}}

@electronic{WorldBank2,
	Address = {http://data.worldbank.org/indicator/NY.GDP.PCAP.CD},
	Author = {WorldBank},
	Howpublished = {http://data.worldbank.org/indicator/NY.GDP.PCAP.CD},
	Keywords = {Opinion},
	Month = {Apr.},
	Owner = {Kimi},
	Timestamp = {2016.04.27},
	Title = {GDP Per Capita},
	Year = {2016}}

@electronic{WVS2014,
	Author = {WVS},
	Date-Modified = {2015-04-16 00:27:23 +0000},
	Howpublished = {http://www.worldvaluessurvey.org/WVSDocumentationWVL.jsp (accessed May 27th, 2014)},
	Keywords = {data},
	Owner = {lostkimi},
	Timestamp = {2014.10.27},
	Title = {World Value Survey Longitudinal Files},
	Year = {2014}}

@article{YangTang2010,
	Author = {Qing Yang and Wenfang Tang},
	Date-Added = {2016-04-21 16:54:45 +0000},
	Date-Modified = {2016-04-21 16:59:44 +0000},
	Journal = {Asian Politics \& Policy},
	Keywords = {opinion},
	Number = {3},
	Pages = {415-436},
	Title = {Exploring the Sources of Institutional Trust in China: Culture, Mobilization or Performance?},
	Volume = {2},
	Year = {2010}}

@book{Zaller1992,
	Address = {New York},
	Author = {John R. Zaller},
	Date-Modified = {2015-04-16 00:27:59 +0000},
	Keywords = {opinion;Debates},
	Owner = {lostkimi},
	Publisher = {Cambridge University Press},
	Timestamp = {2014.11.30},
	Title = {The Nature and Origins of Mass Opinion},
	Year = {1992}}

@article{Zarazaga2014,
	Author = {Rodrigo Zarazaga},
	Date-Modified = {2015-04-15 23:47:56 +0000},
	Journal = {Latin American Politics and Society},
	Keywords = {vote buying},
	Number = {3},
	Owner = {haowang},
	Pages = {23 - 45},
	Timestamp = {2015.03.28},
	Title = {Brokers Beyond Clientelism: A New Perspective Through the Argentine Case},
	Volume = {56},
	Year = {2014}}

@electronic{Zhai2015,
	Author = {Yida Zhai},
	Howpublished = {DOI:10.1177/0i925i2115592942},
	Journal = {International Political Science Review},
	Keywords = {Opinion},
	Organization = {International Political Science Review},
	Owner = {Kimi},
	Timestamp = {2016.04.27},
	Title = {Remarkable economic growth, but so what? The iimpact of modernization on Chinese citizen's political satisfication},
	Year = {2015}}

@article{YangChen2013,
	Author = {Yang Zhong and Yongguo Chen},
	Journal = {Asian Survey},
	Keywords = {Opinion},
	Number = {2},
	Owner = {Kimi},
	Pages = {369-392},
	Timestamp = {2016.04.27},
	Title = {Regime Support in Urban China},
	Volume = {53},
	Year = {2013}}

@article{Zittrain2003,
	Author = {Jonathan Zittrain and Benjamin Edelman},
	Date-Modified = {2015-04-16 00:18:29 +0000},
	Journal = {IEEE Internet Computing},
	Keywords = {censorship},
	Month = {March},
	Number = {1},
	Owner = {haowang},
	Pages = {1 - 43},
	Timestamp = {2015.03.10},
	Title = {Internet Filtering in China},
	Volume = {1},
	Year = {2003}}

@book{Lopez-Calva2010,
	Address = {New York},
	Date-Modified = {2015-04-16 00:46:45 +0000},
	Editor = {Luis F. Lopez-Calva and Nora Lustig},
	Keywords = {redist},
	Owner = {haowang},
	Publisher = {Brookings Institution Press},
	Timestamp = {2015.02.25},
	Title = {Declining Inequality in Latin America: A Decade of Prog},
	Year = {2010}}

@article{Przeworski1996,
	Date-Modified = {2015-04-16 00:42:25 +0000},
	Journal = {Journal of Democracy},
	Keywords = {democracy},
	Number = {1},
	Owner = {lostkimi},
	Pages = {39 -55},
	Timestamp = {2014.12.16},
	Title = {What Makes Democracies Endure?},
	Volume = {7},
	Year = {1996}}

@article{Mutz1994,
	Author = {Diana C. Mutz},
	Journal = {The Journal of Politics},
	Journaltitle = {The Journal of Politics},
	Keywords = {Debates},
	Number = {3},
	Pages = {689 - 714},
	Title = {Contextualizing Personal Experience: the Role of Mass Media},
	Volume = {56},
	Year = {1994}}

@article{EganMullin2012,
	Author = {Patrick J. Egan and Megan Mullin},
	Journal = {The Journal of Politics},
	Journaltitle = {The Journal of Politics},
	Keywords = {Debates},
	Number = {3},
	Pages = {796 - 809},
	Title = {Turning Personal Experience into Political Attitudes: The Effect of Local Weather on Americans' Perceptions about Global Warming},
	Volume = {74},
	Year = {2012}}

@article{ConoverFeldman1981,
	Author = {Pamela Johnston Conover and Stanley Feldman},
	Journal = {American Journal of Political Science},
	Journaltitle = {American Journal of Political Science},
	Keywords = {Debates; Party},
	Number = {4},
	Pages = {617 - 645},
	Title = {The Origins and Measning of Liberal and Conservative Self-Identification},
	Volume = {25},
	Year = {1981}}

@book{Fiorina1981,
	Address = {New Haven},
	Author = {Morrios P. Fiorina},
	Keywords = {Debates},
	Location = {New Haven},
	Publisher = {Yale University Press},
	Title = {Retropsective Voting in American National Elections},
	Year = {1981}}

@article{Weinschenk2010,
	Author = {Aaron C. Weinschenk},
	Issue = {4},
	Journal = {Political Behavior},
	Journaltitle = {Political Behavior},
	Keywords = {Debates; Party},
	Pages = {473 - 494},
	Title = {Revisiting the Political Theory of Party Identification},
	Volume = {32},
	Year = {2010}}

@article{Lupia1994,
	Author = {Arthur Lupia},
	Journal = {American Political Science Review},
	Journaltitle = {American Political Science Review},
	Keywords = {Debates},
	Number = {1},
	Pages = {63 - 76},
	Title = {Shortcuts versus Encyclopedias: Information and Voting Behavior in California Insurance Reform Elections},
	Volume = {88},
	Year = {1994}}

@incollection{EaglyChaiken1993,
	Address = {San Diego},
	Author = {Alice H. Eagly and Shelly Chaiken},
	Booktitle = {The Psychology of Attitudes},
	Keywords = {Debates},
	Location = {Fort Worth},
	Publisher = {Harcourt Brace College Publishers},
	Title = {Process Theories of Attitude Formation and Change: The Elaboration Likelihood and Heuristic-Systematic Models},
	Year = {1993}}

@article{Lodgeetal1995,
	Author = {Milton Lodge and Macro R. Steenbergen and Shawn Brau},
	Journal = {American Political Science Review},
	Journaltitle = {American Political Science Review},
	Keywords = {Debates},
	Number = {2},
	Pages = {309 - 326},
	Title = {The Responsive Voter: Campaign Information and the Dynamics of Candidate Evaluation},
	Volume = {89},
	Year = {1995}}

@incollection{RusselSchwen1999,
	Author = {Russel H. Fazio and Tamara Towles-Schwen},
	Bookauthor = {Shelly Chaiken and Yaacov Trope},
	Booktitle = {Dual Processing Theory in Social Psychology},
	Chapter = {The MODE Model of Attitude-Behavior Processes},
	Editor = {S. Chaiken and Y. Trope},
	Keywords = {Debates},
	Location = {New York},
	Publisher = {The Guilford Press},
	Title = {The MODE Model of Attitude-Behavior Processes},
	Year = {1999}}

@article{ZallerFeldman1992,
	Author = {John Zaller and Stanley Feldman},
	Journal = {American Journal of Political Science},
	Journaltitle = {Americal Journal of Political Science},
	Keywords = {Debates},
	Number = {3},
	Pages = {579 - 616},
	Title = {A Simple Theory of the Survey Response: Answering Questions versus Revealing Preferences},
	Volume = {36},
	Year = {1992}}

@article{Bartels1993,
	Author = {Larry M. Bartels},
	Journal = {American Political Science Review},
	Journaltitle = {American Political Science Review},
	Keywords = {Debates},
	Number = {2},
	Pages = {267 - 285},
	Title = {Messages Received: The Political Impact of Media Exposure},
	Volume = {87},
	Year = {1993}}

@article{FreedmanGoldstein1999,
	Author = {Paul Freedman and Ken Goldstein},
	Journal = {American Journal of Political Science},
	Journaltitle = {American Journal of Political Science},
	Keywords = {Debates},
	Number = {4},
	Pages = {1189 - 1208},
	Title = {Measuring Media Exposure and the Effects of Negative Campaign Ads},
	Volume = {43},
	Year = {1999}}

@article{Gerberetal2009,
	Author = {Alan S. Gerber and Dean Karlan and Daniel Bergan},
	Journal = {American Economic Journal},
	Journaltitle = {American Economic Journal},
	Keywords = {Debates},
	Number = {2},
	Pages = {35 -52},
	Title = {Does the Media Matter? A Field Experiment Measuring the Effect of NewsNewsp on Voting Behavior and Political Opinions},
	Volume = {1},
	Year = {2009}}

@article{Hayes2011,
	Author = {Danny Hayes},
	Journal = {Politics and Gender},
	Journaltitle = {Politics and Gender},
	Keywords = {Debates; Gender},
	Number = {1},
	Pages = {133 - 165},
	Title = {When Gender and Party Collide: Stereotying in Candidate Trait Attribution},
	Volume = {1},
	Year = {2011}}

@article{Goren2004,
	Author = {Paul Goren},
	Journal = {American Journal of Political Science},
	Journaltitle = {American Journal of Political Science},
	Keywords = {Debates; Party},
	Number = {3},
	Pages = {462 - 478},
	Title = {Political Sophistication and Policy Reasoning: A Reconsideration},
	Volume = {48},
	Year = {2004}}

@article{FridkinKenney2011,
	Author = {Kim L. Fridkin and Patrick J. Kenny},
	Journal = {The Journal of Politics},
	Journaltitle = {The Journal of Politics},
	Keywords = {Debates},
	Number = {1},
	Pages = {61 - 73},
	Title = {The Role of Candidate Traits in Campaigns},
	Volume = {73},
	Year = {2011}}

@article{Fridkinetal2007,
	Author = {Kim L. Fridkin and Patrick J. Kenny and Sarah Allen Gershon and Karen Shafer and Gina Serignese Woodall},
	Journal = {The Journal of Politics},
	Journaltitle = {The Journal of Politics},
	Keywords = {Debates},
	Number = {3},
	Pages = {770 - 785},
	Title = {Capturing the Power of a Campaign Event: The 2004 Presidential Debate in Tempe},
	Volume = {69},
	Year = {2007}}

@article{MillerKrosnick2000,
	Author = {Janne M. Miller and Jon A. Krosnick},
	Journal = {American Journal of Political Science},
	Journaltitle = {American Journal of Political Science},
	Keywords = {Debates},
	Number = {2},
	Pages = {301 - 315},
	Title = {News Media on the Ingredients of Presential Evaluation: Political KnowKnowledge Citizens Are Guided by a Trust Source},
	Volume = {44},
	Year = {2000}}

@article{HaugtvedtPetty1992,
	Author = {Curtis P. Haugtvedt and Richard E. Petty},
	Journal = {Journal of Personality and Social Psychology},
	Keywords = {Debates},
	Pages = {308 - 319},
	Title = {Personality and Persuasion: Need for Congnition Moderates the Persistence and Resistence of Attitude Change},
	Volume = {63},
	Year = {1992}}

@book{Iyengar1991,
	Address = {Chicago},
	Author = {Shanto Iyengar},
	Keywords = {Debates},
	Publisher = {University of Chicago Press},
	Title = {Is Anyone Responsible? How Television Frames Political Issues},
	Year = {1991}}

@book{IyengarKinder1987,
	Address = {Chicago},
	Author = {Shanto Iyengar and Donald R. Kinder},
	Booktitle = {Psychological Accounts of Agenda Setting},
	Keywords = {Debates},
	Publisher = {University of Chicago Press},
	Title = {News that Matters},
	Year = {1987}}

@incollection{KuklinskiQuirk2000,
	Address = {New York},
	Author = {James H. Kuklinski and Paul J. Quirk},
	Booktitle = {Elements of Reason: Cognition, Choice and the Bounds of Rationality},
	Editor = {Arthur Lupia and Mathew D. McCubbins and Samuel L. Popkin},
	Keywords = {Debates},
	Publisher = {Cambridge University Press},
	Title = {Reconsidering the Rational Public: Cognition, Heuristics, and Mass Opinion},
	Year = {2000}}

@article{KuklinskiHurley1994,
	Author = {James H. Kuklinski and Norman L. Hurley},
	Journal = {The Journal of Politics},
	Keywords = {Debates},
	Number = {3},
	Pages = {729 - 751},
	Title = {On Hearing and Interpreting Political Messages: A Cautionary Tale of Citizen Cue-Taking},
	Volume = {56},
	Year = {1994}}

@article{Gerberetal2011,
	Author = {Alan S. Gerber and James G. Gimpel and Donald P. Green and Daron R. Shaw},
	Journal = {American Political Science Review},
	Keywords = {Debates},
	Number = {1},
	Pages = {135 - 150},
	Title = {How Large and Long-lasting Are the Persuasive Effects of Televised Campaign Ads? Results from a Randomized Field Experiment},
	Volume = {105},
	Year = {2011}}

@article{ChongDruckman2010,
	Author = {Dennis Chong and James N. Druckman},
	Journal = {American Political Science Review},
	Keywords = {Debates},
	Number = {4},
	Pages = {663 - 680},
	Title = {Dynamic Public Opinion: Communication Effects over Time},
	Volume = {104},
	Year = {2010}}

@article{McCombsShaw1972,
	Author = {Maxwell McCombs and Donld L. Shaw},
	Journal = {Public Opinion Quarterly},
	Keywords = {Debates},
	Number = {2},
	Pages = {176 - 187},
	Title = {The Agenda Setting Function of Mass Media},
	Volume = {36},
	Year = {1972}}

@article{Bartels1996,
	Author = {Larry M. Bartels},
	Journaltitle = {American Journal of Political Science},
	Keywords = {Debates},
	Number = {1},
	Pages = {194 - 230},
	Title = {Uninformed Votes: Information Effects in Presidential Elections},
	Volume = {40},
	Year = {1996}}

@article{SchneiderBos2016,
	Author = {Monica C. Schneider and Angela L. Bos},
	Groups = {gender},
	Journal = {Journal of Women, Politics and Policy},
	Keywords = {Gender},
	Number = {3},
	Pages = {274 - 294},
	Title = {The Interplay of Candidate Party and Gender in Evaluations of Political Candidates},
	Volume = {37},
	Year = {2016}}

@article{Hancock2007,
	Author = {Ange-Marie Hancock},
	Journal = {Perpectives on Politics},
	Keywords = {Gender},
	Number = {1},
	Pages = {63 - 79},
	Title = {When Multiplication Doesn't Equal Quick Addition: Examining Intersectionality as a Reasearch Paradigm},
	Volume = {5},
	Year = {2007}}

@article{SchneiderBos2014,
	Author = {Monica C. Schneider and Angela L. Bos},
	Journal = {Political Psychology},
	Keywords = {Gender},
	Number = {2},
	Pages = {245 - 266},
	Title = {Measuring Stereotypes of Female Politicians},
	Volume = {35},
	Year = {2014}}

@article{Winter2010,
	Author = {Nicholas Winter},
	Journal = {Political Behavior},
	Keywords = {Gender},
	Number = {4},
	Pages = {587 - 618},
	Title = {Masculine Republicans and Feminine Democrats: Gender and American's Explicit and Implicit Images of the Political Parties},
	Volume = {32},
	Year = {2010}}

@article{SanbonmatsuDolan2009,
	Author = {Kira Sanbonmatsu and Kathleen Dolan},
	Journal = {Political Research Quartey},
	Keywords = {Gender},
	Number = {3},
	Pages = {485 - 494},
	Title = {Do Gender Stereotypes Transcend Party?},
	Volume = {62},
	Year = {2009}}

@book{Bollen1989,
	Address = {New York},
	Author = {Kenneth A. Bollen},
	Keywords = {Method},
	Publisher = {Wiley},
	Title = {Structural Equation Models with Latent Variables},
	Year = {1989}}

@article{Dolan2014,
	Author = {Kathleen Dolan},
	Journal = {Political Research Quartey},
	Keywords = {Gender},
	Number = {1},
	Pages = {96 - 107},
	Title = {Gender Stereotypes, Candidate Evaluations and Voting for Women Candidates: What Really Matters?},
	Volume = {67},
	Year = {2014}}

@article{McDermott1997,
	Author = {Monika L. McDermott},
	Journal = {American Journal of Political Science},
	Keywords = {Gender},
	Number = {1},
	Pages = {270 - 283},
	Title = {Voting Cues in Low-Information Elections: Candidate Gender as a Social Information Variable in Contemporary United States Elections},
	Volume = {41},
	Year = {1997}}

@book{Brooks2013,
	Address = {New Jersey},
	Author = {Deborah Jordan Brooks},
	Keywords = {Gender},
	Publisher = {Princeton University Press},
	Title = {He Runs, She Runs: Why Gender Stereotypes Do Not Harm Women Candidates},
	Year = {2013}}

@article{Brooks2011,
	Author = {Deborah Jordan Brooks},
	Journal = {The Journal of Politics},
	Keywords = {Gender},
	Number = {2},
	Pages = {597 - 615},
	Title = {Testing the Double Standard for Candidate Emotionality: Voter Reactions to the Tears and Anger of Male and Female Politicians},
	Volume = {73},
	Year = {2011}}

@article{Eaglyetal1992,
	Author = {Alice H. Eagly and Mona G. Makhijani and Bruce G. Klonsky},
	Journal = {Psychological Bulletin},
	Keywords = {Gender},
	Number = {1},
	Pages = {3 - 22},
	Title = {Gender and the Evaluation of Leaders: A Meta-Analysis},
	Volume = {111},
	Year = {1992}}

@article{HuddyTerkildsen1993,
	Author = {Leonie Huddy and Nayda Terkildsen},
	Journal = {American Journal of Political Science},
	Keywords = {Gender},
	Number = {1},
	Pages = {119 - 147},
	Title = {Gender Stereotypes and the Perception of Male and Female Candidates},
	Volume = {37},
	Year = {1993}}

@article{FultonOndercin2013,
	Author = {Sarah A. Fulton and Heather L. Ondercin},
	Journal = {Political Behavior},
	Keywords = {Gender},
	Number = {4},
	Pages = {665 - 686},
	Title = {Does Sex Encourage Commitment? The Impact of Candidate Choices on the Time-to-Decision},
	Volume = {35},
	Year = {2013}}

@article{Kahn1994,
	Author = {Kim Fridkin Kahn},
	Journal = {American Journal of Political Science},
	Keywords = {Gender},
	Number = {1},
	Pages = {162 - 195},
	Title = {Does gender make a difference? An experimental examination of sex stereotypes and press patterns in state campaigns},
	Volume = {38},
	Year = {1994}}

@article{Conroyetal2015,
	Author = {Meredith Conroy and Sarah Oliver and IanBreckridge-Jackson and Caroline Heldman},
	Journal = {Politics, Groups and Identities},
	Keywords = {Gender},
	Number = {4},
	Pages = {573 - 591},
	Title = {From Ferraro to Palin: sexism in coverage of vice presidential Candidates in old and new media},
	Volume = {3},
	Year = {2015}}

@article{Levyetal1998,
	Author = {Sheri R. Levy and Steven J. Stroessner and Carol S. Dweck},
	Journal = {Journal of Personality and Social Psychology},
	Keywords = {Gender},
	Number = {6},
	Pages = {1421 - 1436},
	Title = {Stereotype formation and endorsement: The role of implicit theories.},
	Volume = {74},
	Year = {1998}}

@article{Bauer2015,
	Author = {Nichole M. Bauer},
	Journal = {Political Psychology},
	Keywords = {Gender},
	Number = {6},
	Pages = {691 - 708},
	Title = {Emotional, Snesitive, and Unfit for Office? Gender},
	Volume = {36},
	Year = {2015}}

@article{Barghetal1996,
	Author = {John A. Bargh and Mark Chen and Lara Burrows},
	Journal = {Journal of Personality and Social Psychology},
	Keywords = {stereotype},
	Number = {2},
	Pages = {230 - 244},
	Title = {Automacity of Social Behavior: Direct Effect of Trait Construct and Stereotype on Action},
	Volume = {71},
	Year = {1996}}

@article{Rahn1993,
	Author = {Wendy M. Rahn},
	Journal = {American Journal of Political Science},
	Keywords = {Stereotype; party},
	Number = {2},
	Pages = {472 - 496},
	Title = {The Role of Partisan Stereotypes in Information Processing about Political Candidates},
	Volume = {37},
	Year = {1993}}

@article{Conover1981,
	Author = {Pamela Johnston Conover},
	Journal = {American Poltitics Quarterly},
	Keywords = {Stereotype},
	Number = {4},
	Pages = {427 - 448},
	Title = {Political Cues and the Perception of Candidates},
	Volume = {9},
	Year = {1981}}

@article{Conover1988,
	Author = {Pamela Johnston Conover},
	Journal = {British Journal of Political Science},
	Keywords = {Stereotype},
	Number = {1},
	Pages = {51 - 76},
	Title = {The Role of Social Groups in Political Thinking},
	Volume = {18},
	Year = {1988}}

@article{Greenwald1995,
	Author = {Anthony G. Greenwald},
	Journal = {Psychological Review},
	Keywords = {Stereotype},
	Number = {1},
	Pages = {4 - 27},
	Title = {Implicit Social Cognition: Attitudes, Self-Esteem, and Stereotypes},
	Volume = {102},
	Year = {1995}}

@article{Devine1989,
	Author = {Patricia G. Devine},
	Journal = {Journal of Personality and Social Psychology},
	Number = {1},
	Pages = {5 - 18},
	Title = {Stereotypes and Prejudice: Their Automatic and Controlled Components},
	Volume = {56},
	Year = {1989}}

@article{Macraeetal1994,
	Author = {C. Neil Macrae and Alan B. Milne and Galen V. Bodenhausen},
	Journal = {Journal of Personality and Social Psychology},
	Keywords = {Stereotype},
	Number = {1},
	Pages = {37 - 47},
	Title = {Stereotypes as Energy-Saving Devices: A Peek Inside the Cognitive Toolbox},
	Volume = {66},
	Year = {1994}}

@article{Crawfordetal2011,
	Author = {Jarret T. Crawford and Lee Jussim and Stephanie Madon and Thomas R. Cain and Sean T. Stevens},
	Journal = {Personality and Social Psychology Bulletin},
	Keywords = {Stereotype},
	Number = {4},
	Pages = {529 - 542},
	Title = {The Use of Stereotypes and Individuating Information in Political Person Perception},
	Volume = {37},
	Year = {2011}}

@article{RahnCramer1996,
	Author = {Wendy M. Rahn and Katherine J. Cramer},
	Journal = {Political Communication},
	Keywords = {Stereotype},
	Number = {2},
	Pages = {195 - 212},
	Title = {Activation and Application of Political Party Stereotypes: The role of television},
	Volume = {13},
	Year = {1996}}

@article{Hayes2005,
	Author = {Danny Hayes},
	Journal = {American Journal of Political Science},
	Keywords = {Stereotype},
	Number = {4},
	Pages = {908 - 923},
	Title = {Candidate Qualities through a Partisan Lens: A Theory of Trait Ownership},
	Volume = {49},
	Year = {2005}}

@article{Ditontoetal2014,
	Author = {Tessa M. Ditonto and Allison J. Hamilton and David P. Redlawsk},
	Journal = {Political Behavior},
	Keywords = {Gender},
	Number = {2},
	Pages = {335 - 358},
	Title = {Gender Stereotypes, Information Search, and Voting Behavior in Political Campaigns},
	Volume = {36},
	Year = {2014}}

@book{LodgeTaber2013,
	Address = {New York},
	Author = {Milton Lodge and Charles S. Taber},
	Publisher = {Cambridge University Press},
	Title = {The Rationalizing Voter},
	Year = {2013}}

@article{JonesBaumgartner2012,
	Author = {Bryan D. Jones and Frank B. Baumgartner},
	Journal = {Policy Studies Journal},
	Keywords = {Budgeting},
	Number = {1},
	Pages = {1 - 19},
	Title = {From There to Here: Punctuated Equilibrium to the General Punctuation Thesis to a Theory of Government Information Processing},
	Volume = {40},
	Year = {2014}}
